1684 2763
220 125 275 162 M.
307 124 429 162 VAL.
464 123 777 161 MARTIALIS

218 236 325 276 ebria
354 235 489 275 Setino
518 236 562 273 fit
590 248 707 284 saepe
736 241 775 272 et
804 247 920 284 saepe
950 235 1117 272 Falerno
1529 245 1546 277 5

272 315 345 340 nec
374 300 449 339 nisi
477 314 546 350 per
575 300 729 338 niveam
760 300 947 339 Caecuba
974 306 1085 349 potat
1109 311 1254 348 aquarn
1270 312 1278 345 3

218 364 453 403 circumfusa
481 362 577 402 rosis
607 370 645 400 et
678 362 785 412 nigra
813 361 1007 400 recumbit
1036 373 1196 399 amomo

273 428 418 468 dormit
447 435 485 466 et
513 428 553 465 in
582 429 716 478 pluma
743 440 1020 477 purpureoque
1048 433 1144 464 toro.

222 495 325 533 Cum
354 493 514 532 recubet
543 493 716 543 pulchre,
748 506 839 530 cum
868 499 948 530 tam
977 492 1080 530 bene
1108 490 1212 529 vivat
1239 491 1346 541 apud
1376 497 1424 536 te,

273 560 324 597 ad
355 560 525 597 Damam
555 557 685 608 potius
714 557 771 595 vis
799 564 867 595 tua
894 555 1012 594 febris
1041 557 1132 594 eat?
1513 569 1552 592 10

703 668 849 704 XVIII

331 753 438 789 Dum
468 758 508 788 tu
539 748 700 788 forsitan
730 748 929 798 inquietus
959 760 1062 786 erras

328 817 512 861 clamosa,
545 813 754 860 Iuvenalis,
786 813 826 851 in
857 813 1010 852 Subura

328 889 395 919 aut
425 881 566 918 collem
596 879 782 918 dominae
812 878 902 917 teris
933 878 1086 916 Dianae
1101 892 1111 925 3

329 946 424 983 dum
454 957 523 994 per
551 943 687 981 limina
716 951 754 981 te
783 942 1050 993 potentiorum

329 1009 502 1049 sudatrix
530 1016 621 1059 toga
649 1008 811 1047 ventilat
839 1020 1062 1058 vagumque
1536 1022 1552 1053 5

331 1075 454 1113 maior
482 1074 640 1113 Caelius
669 1080 707 1111 et
736 1073 865 1111 minor
893 1071 1077 1122 fatigant:

331 1153 393 1178 me
423 1140 568 1177 multos
596 1137 760 1188 repetita
788 1145 878 1187 post
909 1137 1151 1175 Decembres

330 1203 481 1254 accepit
511 1216 599 1242 mea
627 1202 896 1252 rusticumque
925 1201 1017 1240 fecit

330 1282 424 1307 auro
455 1268 607 1306 Bilbilis
637 1275 675 1306 et
705 1267 872 1317 superba
902 1268 1012 1305 ferro.

332 1334 412 1372 Hic
441 1333 538 1383 pigri
568 1333 734 1372 colimus
764 1333 897 1370 labore
927 1331 1033 1370 dulci
1517 1346 1558 1367 ιο

333 1399 548 1437 Boterdum
582 1396 1105 1447 Plateamque—-Celtiberis

332 1466 429 1502 haec
459 1471 549 1500 sunt
579 1462 741 1501 nomina
770 1462 957 1500 crassiora
987 1460 1173 1500 terris-:

334 1527 479 1578 ingenti
510 1529 616 1566 fruor
644 1527 893 1577 inproboque
922 1539 1064 1565 somno

333 1607 450 1643 quem
483 1606 555 1631 nec
585 1592 696 1630 tertia
726 1606 842 1642 saepe
871 1591 1015 1641 rumpit
1045 1592 1151 1636 hora,

333 1666 371 1696 et
399 1665 525 1696 totum
557 1656 651 1694 mihi
682 1670 788 1694 nunc
818 1669 968 1706 repono
995 1654 1190 1705 quidquid
1520 1670 1559 1701 15

334 1732 391 1761 ter
420 1724 545 1760 denos
574 1721 821 1771 vigilaveram
853 1734 920 1770 per
948 1733 1084 1758 annos.

337 1789 478 1837 Ignota
507 1793 565 1824 est
594 1793 696 1835 toga,
728 1787 797 1823 sed
827 1787 941 1823 datur
970 1784 1119 1835 petenti

335 1859 448 1901 rupta
476 1850 654 1900 proxima
682 1849 800 1887 vestis
829 1863 851 1887 a
880 1851 1076 1887 cathedra.

336 1923 559 1966 surgentem
589 1916 700 1952 focus
730 1914 872 1963 excipit
902 1914 1070 1963 superba

335 1980 451 2019 vicini
481 1988 586 2018 strue
616 1980 743 2017 cultus
774 1978 903 2025 iliceti‚
1519 1993 1562 2016 20

336 2047 458 2083 multa
486 2044 600 2082 vilica
628 2056 747 2093 quern
776 2050 939 2081 coronat
967 2044 1054 2080 olla.

336 2118 497 2148 venator
527 2108 713 2159 sequitur,
747 2109 816 2146 sed
846 2107 909 2146 ille
939 2120 1057 2157 quem
1087 2114 1128 2145 tu

273 2213 370 2244 XVII
395 2214 416 2243 6
439 2212 573 2242 uineam
594 2212 742 2252 (niueam
760 2211 811 2251 A)
831 2211 880 2242 CA
898 2211 986 2250 (cum
1002 2210 1046 2251 L)
1163 2221 1183 2250 9
1208 2211 1346 2242 recubet
1362 2210 1421 2240 AA
1438 2222 1445 2241 ε
1468 2211 1511 2241 sit
1530 2211 1560 2240 ei

229 2257 301 2287 BA:
330 2257 358 2287 si
382 2261 414 2287 te
449 2256 498 2286 CA
521 2258 603 2295 (pro
627 2256 670 2286 sit
687 2256 729 2293 ei,
750 2255 805 2285 vix
817 2260 876 2294 pro
890 2255 990 2294 scite)
1007 2265 1014 2284 ι
1038 2255 1081 2285 sit
1097 2258 1164 2284 tam
1181 2253 1218 2284 N
1356 2264 1429 2284 cum
1447 2258 1559 2284 tamen

229 2301 319 2331 bibat
341 2300 390 2331 CA
415 2300 490 2340 (pro
514 2299 617 2329 vivat}
711 2309 750 2328 10
772 2298 838 2339 vis]
858 2298 910 2328 uir
929 2297 978 2329 CA
1074 2302 1145 2328 erat
1163 2297 1211 2328 CA

274 2342 390 2374 XVIII
419 2353 432 2372 1
459 2353 534 2373 eras
552 2341 643 2383 (LQ)
661 2342 710 2372 vel
725 2352 816 2372 erras
833 2341 888 2371 ΒΑ
1021 2351 1038 2380 7
1063 2341 1186 2371 multos
1203 2341 1277 2371 Ital.
1296 2353 1302 2371 :
1332 2341 1453 2371 multas
1468 2340 1555 2370 codd.

234 2398 273 2418 10
297 2387 450 2418 columns
468 2385 518 2417 CA
607 2395 650 2416 20
675 2385 786 2416 iluceti
805 2384 852 2416 CA
