<?xml version="1.0" encoding="UTF-8"?>
<!DOCTYPE html PUBLIC "-//W3C//DTD XHTML 1.0 Transitional//EN"
    "http://www.w3.org/TR/xhtml1/DTD/xhtml1-transitional.dtd">
<html xmlns="http://www.w3.org/1999/xhtml" xml:lang="en" lang="en">
 <head>
  <title>
</title>
<meta http-equiv="Content-Type" content="text/html;charset=utf-8" />
  <meta name='ocr-system' content='tesseract 3.04.00' />
  <meta name='ocr-capabilities' content='ocr_page ocr_carea ocr_par ocr_line ocrx_word'/>
</head>
<body>
  <div class='ocr_page' id='page_1' title='image "./epigrammatarecog00martuoft/epigrammatarecog00martuoft_0489.png"; bbox 0 0 1684 2763; ppageno 0'>
   <div class='ocr_carea' id='block_1_1' title="bbox 522 177 1209 215">
    <p class='ocr_par' dir='ltr' id='par_1_1' title="bbox 522 177 1209 215">
     <span class='ocr_line' id='line_1_1' title="bbox 522 177 1209 215; baseline 0 -1"><span class='ocrx_word' id='word_1_1' title='bbox 522 177 703 215; x_wconf 87' lang='lat' dir='ltr'>INDEX</span> <span class='ocrx_word' id='word_1_2' title='bbox 743 177 1209 215; x_wconf 79' lang='lat' dir='ltr'>EPIGRAMMATON</span> 
     </span>
    </p>
   </div>
   <div class='ocr_carea' id='block_1_2' title="bbox 268 281 1465 2500">
    <p class='ocr_par' dir='ltr' id='par_1_2' title="bbox 268 281 1463 540">
     <span class='ocr_line' id='line_1_2' title="bbox 268 281 1423 322; baseline -0.002 -9"><span class='ocrx_word' id='word_1_3' title='bbox 268 281 364 320; x_wconf 86' lang='lat' dir='ltr'>Quae</span> <span class='ocrx_word' id='word_1_4' title='bbox 382 284 445 314; x_wconf 89' lang='lat' dir='ltr'>scit</span> <span class='ocrx_word' id='word_1_5' title='bbox 463 284 668 322; x_wconf 89' lang='lat' dir='ltr'>compositos</span> <span class='ocrx_word' id='word_1_6' title='bbox 685 293 804 313; x_wconf 84' lang='lat' dir='ltr'>manus</span> <span class='ocrx_word' id='word_1_7' title='bbox 817 282 960 321; x_wconf 84' lang='lat' dir='ltr'>inproba</span> <span class='ocrx_word' id='word_1_8' title='bbox 977 283 1110 312; x_wconf 90' lang='lat' dir='ltr'>mittere</span> <span class='ocrx_word' id='word_1_9' title='bbox 1128 282 1214 312; x_wconf 84' lang='lat' dir='ltr'>talos</span> <span class='ocrx_word' id='word_1_10' title='bbox 1261 281 1352 320; x_wconf 79' lang='lat' dir='ltr'>XIV,</span> <span class='ocrx_word' id='word_1_11' title='bbox 1377 283 1423 311; x_wconf 86' lang='lat'>16.</span> 
     </span>
     <span class='ocr_line' id='line_1_3' title="bbox 269 325 1463 365; baseline -0.003 -8"><span class='ocrx_word' id='word_1_12' title='bbox 269 326 365 363; x_wconf 82' lang='lat' dir='ltr'>Quae</span> <span class='ocrx_word' id='word_1_13' title='bbox 383 332 450 357; x_wconf 86' lang='lat' dir='ltr'>tam</span> <span class='ocrx_word' id='word_1_14' title='bbox 467 327 619 365; x_wconf 87' lang='lat' dir='ltr'>seposita</span> <span class='ocrx_word' id='word_1_15' title='bbox 636 332 697 364; x_wconf 86' lang='lat' dir='ltr'>est,</span> <span class='ocrx_word' id='word_1_16' title='bbox 717 337 803 365; x_wconf 87' lang='lat' dir='ltr'>quae</span> <span class='ocrx_word' id='word_1_17' title='bbox 822 336 908 364; x_wconf 76' lang='lat' dir='ltr'>gens</span> <span class='ocrx_word' id='word_1_18' title='bbox 925 331 990 355; x_wconf 84' lang='lat' dir='ltr'>tam</span> <span class='ocrx_word' id='word_1_19' title='bbox 1009 326 1159 365; x_wconf 83' lang='lat' dir='ltr'>barbara,</span> <span class='ocrx_word' id='word_1_20' title='bbox 1179 326 1305 355; x_wconf 84' lang='lat' dir='ltr'>Cacsar</span> <span class='ocrx_word' id='word_1_21' title='bbox 1350 325 1411 365; x_wconf 78' lang='lat' dir='ltr'>Ep.</span> <span class='ocrx_word' id='word_1_22' title='bbox 1433 334 1463 362; x_wconf 86' lang='lat'>3.</span> 
     </span>
     <span class='ocr_line' id='line_1_4' title="bbox 268 368 1304 408; baseline -0.002 -8"><span class='ocrx_word' id='word_1_23' title='bbox 268 370 365 407; x_wconf 85' lang='lat' dir='ltr'>Quae</span> <span class='ocrx_word' id='word_1_24' title='bbox 383 375 415 400; x_wconf 89' lang='lat' dir='ltr'>te</span> <span class='ocrx_word' id='word_1_25' title='bbox 433 380 533 400; x_wconf 87' lang='lat' dir='ltr'>causa</span> <span class='ocrx_word' id='word_1_26' title='bbox 550 370 652 400; x_wconf 84' lang='lat' dir='ltr'>trahit</span> <span class='ocrx_word' id='word_1_27' title='bbox 668 370 720 399; x_wconf 91' lang='lat' dir='ltr'>vel</span> <span class='ocrx_word' id='word_1_28' title='bbox 738 380 823 408; x_wconf 87' lang='lat' dir='ltr'>quae</span> <span class='ocrx_word' id='word_1_29' title='bbox 844 370 965 399; x_wconf 80' lang='lat' dir='ltr'>fiducia</span> <span class='ocrx_word' id='word_1_30' title='bbox 983 369 1124 398; x_wconf 82' lang='lat' dir='ltr'>Romam</span> <span class='ocrx_word' id='word_1_31' title='bbox 1173 368 1233 407; x_wconf 90' lang='lat' dir='ltr'>III,</span> <span class='ocrx_word' id='word_1_32' title='bbox 1251 370 1304 406; x_wconf 81' lang='lat'>38.</span> 
     </span>
     <span class='ocr_line' id='line_1_5' title="bbox 269 411 1378 452; baseline -0.003 -9"><span class='ocrx_word' id='word_1_33' title='bbox 269 413 365 450; x_wconf 87' lang='lat' dir='ltr'>Quae</span> <span class='ocrx_word' id='word_1_34' title='bbox 381 413 439 443; x_wconf 87' lang='lat' dir='ltr'>tibi</span> <span class='ocrx_word' id='word_1_35' title='bbox 457 424 525 443; x_wconf 90' lang='lat' dir='ltr'>non</span> <span class='ocrx_word' id='word_1_36' title='bbox 541 414 651 444; x_wconf 87' lang='lat' dir='ltr'>stabat</span> <span class='ocrx_word' id='word_1_37' title='bbox 673 414 825 452; x_wconf 86' lang='lat' dir='ltr'>praecisa</span> <span class='ocrx_word' id='word_1_38' title='bbox 842 418 893 443; x_wconf 83' lang='lat' dir='ltr'>est</span> <span class='ocrx_word' id='word_1_39' title='bbox 910 413 1069 450; x_wconf 81' lang='lat' dir='ltr'>mentula,</span> <span class='ocrx_word' id='word_1_40' title='bbox 1090 413 1217 451; x_wconf 82' lang='lat' dir='ltr'>Glypte</span> <span class='ocrx_word' id='word_1_41' title='bbox 1265 411 1307 451; x_wconf 90' lang='grc' dir='ltr'>ΙΙ,</span> <span class='ocrx_word' id='word_1_42' title='bbox 1327 421 1378 449; x_wconf 86' lang='lat'>45.</span> 
     </span>
     <span class='ocr_line' id='line_1_6' title="bbox 269 455 1240 496; baseline -0.002 -10"><span class='ocrx_word' id='word_1_43' title='bbox 269 455 513 496; x_wconf 79' lang='lat' dir='ltr'>Quaecumque</span> <span class='ocrx_word' id='word_1_44' title='bbox 530 457 593 486; x_wconf 94' lang='lat' dir='ltr'>lusi</span> <span class='ocrx_word' id='word_1_45' title='bbox 612 457 744 486; x_wconf 88' lang='lat' dir='ltr'>iuvenis</span> <span class='ocrx_word' id='word_1_46' title='bbox 761 461 795 486; x_wconf 84' lang='lat' dir='ltr'>et</span> <span class='ocrx_word' id='word_1_47' title='bbox 813 467 897 491; x_wconf 85' lang='lat' dir='ltr'>puer</span> <span class='ocrx_word' id='word_1_48' title='bbox 912 457 1083 495; x_wconf 88' lang='lat' dir='ltr'>quondam</span> <span class='ocrx_word' id='word_1_49' title='bbox 1128 456 1153 494; x_wconf 97' lang='grc' dir='ltr'>Ι,</span> <span class='ocrx_word' id='word_1_50' title='bbox 1172 465 1240 495; x_wconf 83' lang='grc'><strong>113.</strong></span> 
     </span>
     <span class='ocr_line' id='line_1_7' title="bbox 269 499 1211 540; baseline 0 -10"><span class='ocrx_word' id='word_1_51' title='bbox 269 500 445 537; x_wconf 78' lang='lat' dir='ltr'>Quaedam</span> <span class='ocrx_word' id='word_1_52' title='bbox 463 511 516 530; x_wconf 90' lang='lat' dir='ltr'>me</span> <span class='ocrx_word' id='word_1_53' title='bbox 535 501 811 540; x_wconf 82' lang='lat' dir='ltr'>cupit,-invide,</span> <span class='ocrx_word' id='word_1_54' title='bbox 834 500 978 530; x_wconf 87' lang='lat' dir='ltr'>Procille</span> <span class='ocrx_word' id='word_1_55' title='bbox 993 502 1045 530; x_wconf 69' lang='lat'>1—</span> <span class='ocrx_word' id='word_1_56' title='bbox 1092 499 1116 538; x_wconf 92' lang='grc' dir='ltr'>Ι,</span> <span class='ocrx_word' id='word_1_57' title='bbox 1142 509 1211 538; x_wconf 79' lang='lat'>115.</span> 
     </span>
    </p>

    <p class='ocr_par' dir='ltr' id='par_1_3' title="bbox 269 541 1361 713">
     <span class='ocr_line' id='line_1_8' title="bbox 269 541 1361 582; baseline -0.001 -9"><span class='ocrx_word' id='word_1_58' title='bbox 269 543 415 581; x_wconf 79' lang='lat' dir='ltr'>Quaeris</span> <span class='ocrx_word' id='word_1_59' title='bbox 432 554 491 573; x_wconf 92' lang='lat' dir='ltr'>cur</span> <span class='ocrx_word' id='word_1_60' title='bbox 508 545 609 574; x_wconf 90' lang='lat' dir='ltr'>nolim</span> <span class='ocrx_word' id='word_1_61' title='bbox 626 549 659 574; x_wconf 90' lang='lat' dir='ltr'>te</span> <span class='ocrx_word' id='word_1_62' title='bbox 677 545 811 581; x_wconf 85' lang='lat' dir='ltr'>ducere,</span> <span class='ocrx_word' id='word_1_63' title='bbox 831 544 948 575; x_wconf 73' lang='lat' dir='ltr'>Galla?</span> <span class='ocrx_word' id='word_1_64' title='bbox 997 543 1133 573; x_wconf 79' lang='lat' dir='ltr'>Diserta</span> <span class='ocrx_word' id='word_1_65' title='bbox 1150 554 1186 573; x_wconf 89' lang='lat' dir='ltr'>es</span> <span class='ocrx_word' id='word_1_66' title='bbox 1230 541 1291 582; x_wconf 83' lang='lat' dir='ltr'>XI,</span> <span class='ocrx_word' id='word_1_67' title='bbox 1315 552 1361 581; x_wconf 91' lang='lat'>19.</span> 
     </span>
     <span class='ocr_line' id='line_1_9' title="bbox 271 586 1282 626; baseline -0.002 -9"><span class='ocrx_word' id='word_1_68' title='bbox 271 586 408 624; x_wconf 85' lang='lat' dir='ltr'>Quaero</span> <span class='ocrx_word' id='word_1_69' title='bbox 426 588 483 617; x_wconf 93' lang='lat' dir='ltr'>diu</span> <span class='ocrx_word' id='word_1_70' title='bbox 503 593 618 625; x_wconf 80' lang='lat' dir='ltr'>totam,</span> <span class='ocrx_word' id='word_1_71' title='bbox 638 588 775 617; x_wconf 76' lang='lat' dir='ltr'>Safroni</span> <span class='ocrx_word' id='word_1_72' title='bbox 796 586 895 626; x_wconf 87' lang='lat' dir='ltr'>Rufe,</span> <span class='ocrx_word' id='word_1_73' title='bbox 917 597 976 625; x_wconf 86' lang='lat' dir='ltr'>per</span> <span class='ocrx_word' id='word_1_74' title='bbox 993 587 1108 616; x_wconf 90' lang='lat' dir='ltr'>urbem</span> <span class='ocrx_word' id='word_1_75' title='bbox 1156 586 1212 624; x_wconf 85' lang='lat' dir='ltr'>IV,</span> <span class='ocrx_word' id='word_1_76' title='bbox 1232 597 1282 624; x_wconf 84' lang='grc'>71.</span> 
     </span>
     <span class='ocr_line' id='line_1_10' title="bbox 271 629 1334 670; baseline 0 -10"><span class='ocrx_word' id='word_1_77' title='bbox 271 630 425 670; x_wconf 78' lang='lat' dir='ltr'>Qualem,</span> <span class='ocrx_word' id='word_1_78' title='bbox 446 631 573 668; x_wconf 72' lang='lat' dir='ltr'>Flaccc,</span> <span class='ocrx_word' id='word_1_79' title='bbox 591 632 689 661; x_wconf 88' lang='lat' dir='ltr'>velim</span> <span class='ocrx_word' id='word_1_80' title='bbox 708 632 843 670; x_wconf 88' lang='lat' dir='ltr'>quaeris</span> <span class='ocrx_word' id='word_1_81' title='bbox 860 631 1005 661; x_wconf 81' lang='lat' dir='ltr'>nolimve</span> <span class='ocrx_word' id='word_1_82' title='bbox 1023 631 1190 669; x_wconf 69' lang='lat' dir='ltr'>puellam?</span> <span class='ocrx_word' id='word_1_83' title='bbox 1239 629 1262 669; x_wconf 86' lang='grc' dir='ltr'>Ι,</span> <span class='ocrx_word' id='word_1_84' title='bbox 1283 639 1334 668; x_wconf 84' lang='grc'>57.</span> 
     </span>
     <span class='ocr_line' id='line_1_11' title="bbox 271 673 1210 713; baseline 0.001 -9"><span class='ocrx_word' id='word_1_85' title='bbox 271 674 428 712; x_wconf 77' lang='lat' dir='ltr'>Qualiter</span> <span class='ocrx_word' id='word_1_86' title='bbox 440 675 603 713; x_wconf 81' lang='lat' dir='ltr'>Assyrios</span> <span class='ocrx_word' id='word_1_87' title='bbox 622 680 785 705; x_wconf 89' lang='lat' dir='ltr'>renovant</span> <span class='ocrx_word' id='word_1_88' title='bbox 802 675 959 705; x_wconf 85' lang='lat' dir='ltr'>incendia</span> <span class='ocrx_word' id='word_1_89' title='bbox 978 675 1074 704; x_wconf 88' lang='lat' dir='ltr'>nidos</span> <span class='ocrx_word' id='word_1_90' title='bbox 1121 673 1158 709; x_wconf 83' lang='lat' dir='ltr'>V,</span> <span class='ocrx_word' id='word_1_91' title='bbox 1183 684 1210 712; x_wconf 90' lang='lat'>7.</span> 
     </span>
    </p>

    <p class='ocr_par' dir='ltr' id='par_1_4' title="bbox 271 716 1465 844">
     <span class='ocr_line' id='line_1_12' title="bbox 271 716 1336 757; baseline -0.001 -10"><span class='ocrx_word' id='word_1_92' title='bbox 271 717 428 755; x_wconf 76' lang='lat' dir='ltr'>Qualiter</span> <span class='ocrx_word' id='word_1_93' title='bbox 445 718 477 748; x_wconf 87' lang='lat' dir='ltr'>in</span> <span class='ocrx_word' id='word_1_94' title='bbox 496 719 656 756; x_wconf 69' lang='lat' dir='ltr'>Scythica</span> <span class='ocrx_word' id='word_1_95' title='bbox 672 718 835 757; x_wconf 84' lang='lat' dir='ltr'>religatus</span> <span class='ocrx_word' id='word_1_96' title='bbox 852 728 935 756; x_wconf 86' lang='lat' dir='ltr'>rupe</span> <span class='ocrx_word' id='word_1_97' title='bbox 954 718 1178 747; x_wconf 80' lang='lat' dir='ltr'>Prometheus</span> <span class='ocrx_word' id='word_1_98' title='bbox 1222 716 1283 756; x_wconf 79' lang='lat' dir='ltr'>Ep.</span> <span class='ocrx_word' id='word_1_99' title='bbox 1308 727 1336 754; x_wconf 91' lang='lat'>7.</span> 
     </span>
     <span class='ocr_line' id='line_1_13' title="bbox 272 759 1465 801; baseline -0.003 -10"><span class='ocrx_word' id='word_1_100' title='bbox 272 762 381 798; x_wconf 88' lang='lat' dir='ltr'>Quam</span> <span class='ocrx_word' id='word_1_101' title='bbox 400 762 512 792; x_wconf 87' lang='lat' dir='ltr'>brevis</span> <span class='ocrx_word' id='word_1_102' title='bbox 528 762 719 792; x_wconf 87' lang='lat' dir='ltr'>inmensum</span> <span class='ocrx_word' id='word_1_103' title='bbox 736 763 825 801; x_wconf 86' lang='lat' dir='ltr'>cepit</span> <span class='ocrx_word' id='word_1_104' title='bbox 843 762 1036 791; x_wconf 84' lang='lat' dir='ltr'>membrana</span> <span class='ocrx_word' id='word_1_105' title='bbox 1051 762 1226 791; x_wconf 88' lang='lat' dir='ltr'>Maronem</span> <span class='ocrx_word' id='word_1_106' title='bbox 1242 764 1247 792; x_wconf 72' lang='grc' dir='ltr'>ἔ</span> <span class='ocrx_word' id='word_1_107' title='bbox 1285 759 1376 799; x_wconf 84' lang='lat' dir='ltr'>XIV,</span> <span class='ocrx_word' id='word_1_108' title='bbox 1396 759 1465 789; x_wconf 82' lang='lat'>186.</span> 
     </span>
     <span class='ocr_line' id='line_1_14' title="bbox 272 804 1290 844; baseline -0.001 -10"><span class='ocrx_word' id='word_1_109' title='bbox 272 804 381 842; x_wconf 88' lang='lat' dir='ltr'>Quam</span> <span class='ocrx_word' id='word_1_110' title='bbox 399 806 481 835; x_wconf 89' lang='lat' dir='ltr'>mihi</span> <span class='ocrx_word' id='word_1_111' title='bbox 498 806 655 835; x_wconf 74' lang='lat' dir='ltr'>mittebas</span> <span class='ocrx_word' id='word_1_112' title='bbox 673 806 811 835; x_wconf 79' lang='lat' dir='ltr'>Saturni</span> <span class='ocrx_word' id='word_1_113' title='bbox 830 811 981 844; x_wconf 90' lang='lat' dir='ltr'>tempore</span> <span class='ocrx_word' id='word_1_114' title='bbox 999 805 1129 835; x_wconf 83' lang='lat' dir='ltr'>lancem</span> <span class='ocrx_word' id='word_1_115' title='bbox 1176 804 1219 844; x_wconf 82' lang='lat' dir='ltr'>X,</span> <span class='ocrx_word' id='word_1_116' title='bbox 1239 814 1290 843; x_wconf 78' lang='lat'>29.</span> 
     </span>
    </p>

    <p class='ocr_par' dir='ltr' id='par_1_5' title="bbox 273 848 1155 887">
     <span class='ocr_line' id='line_1_15' title="bbox 273 848 1155 887; baseline 0 -9"><span class='ocrx_word' id='word_1_117' title='bbox 273 848 383 886; x_wconf 87' lang='lat' dir='ltr'>Quam</span> <span class='ocrx_word' id='word_1_118' title='bbox 400 850 444 878; x_wconf 89' lang='lat' dir='ltr'>sit</span> <span class='ocrx_word' id='word_1_119' title='bbox 460 849 553 879; x_wconf 85' lang='lat' dir='ltr'>lusca</span> <span class='ocrx_word' id='word_1_120' title='bbox 572 849 744 879; x_wconf 86' lang='lat' dir='ltr'>Philaenis</span> <span class='ocrx_word' id='word_1_121' title='bbox 762 849 961 879; x_wconf 81' lang='lat' dir='ltr'>indecenter</span> <span class='ocrx_word' id='word_1_122' title='bbox 1006 848 1083 887; x_wconf 88' lang='lat' dir='ltr'>XII,</span> <span class='ocrx_word' id='word_1_123' title='bbox 1104 858 1155 878; x_wconf 82' lang='lat'>22.</span> 
     </span>
    </p>

    <p class='ocr_par' dir='ltr' id='par_1_6' title="bbox 272 891 1301 975">
     <span class='ocr_line' id='line_1_16' title="bbox 272 891 1301 931; baseline -0.001 -9"><span class='ocrx_word' id='word_1_124' title='bbox 272 891 435 929; x_wconf 80' lang='lat' dir='ltr'>Quamvis</span> <span class='ocrx_word' id='word_1_125' title='bbox 452 893 600 922; x_wconf 82' lang='lat' dir='ltr'>Callaico</span> <span class='ocrx_word' id='word_1_126' title='bbox 619 893 755 922; x_wconf 81' lang='lat' dir='ltr'>rubeam</span> <span class='ocrx_word' id='word_1_127' title='bbox 773 903 940 931; x_wconf 76' lang='lat' dir='ltr'>generosa</span> <span class='ocrx_word' id='word_1_128' title='bbox 956 892 1091 922; x_wconf 88' lang='lat' dir='ltr'>metallo</span> <span class='ocrx_word' id='word_1_129' title='bbox 1139 891 1229 924; x_wconf 80' lang='lat' dir='ltr'>XIV.</span> <span class='ocrx_word' id='word_1_130' title='bbox 1248 901 1301 930; x_wconf 83' lang='lat'>95.</span> 
     </span>
     <span class='ocr_line' id='line_1_17' title="bbox 273 935 1174 975; baseline 0 -10"><span class='ocrx_word' id='word_1_131' title='bbox 273 935 437 973; x_wconf 87' lang='lat' dir='ltr'>Quamvis</span> <span class='ocrx_word' id='word_1_132' title='bbox 451 936 516 966; x_wconf 87' lang='lat' dir='ltr'>lata</span> <span class='ocrx_word' id='word_1_133' title='bbox 535 941 629 975; x_wconf 82' lang='lat' dir='ltr'>gerat</span> <span class='ocrx_word' id='word_1_134' title='bbox 647 937 769 975; x_wconf 83' lang='lat' dir='ltr'>patella</span> <span class='ocrx_word' id='word_1_135' title='bbox 787 937 963 965; x_wconf 87' lang='lat' dir='ltr'>rhombum</span> <span class='ocrx_word' id='word_1_136' title='bbox 1011 935 1109 971; x_wconf 79' lang='lat' dir='ltr'>XIII,</span> <span class='ocrx_word' id='word_1_137' title='bbox 1123 936 1174 965; x_wconf 85' lang='lat'>81.</span> 
     </span>
    </p>

    <p class='ocr_par' dir='ltr' id='par_1_7' title="bbox 273 977 1440 1367">
     <span class='ocr_line' id='line_1_18' title="bbox 274 977 1440 1018; baseline 0.001 -10"><span class='ocrx_word' id='word_1_138' title='bbox 274 979 436 1016; x_wconf 87' lang='lat' dir='ltr'>Quamvis</span> <span class='ocrx_word' id='word_1_139' title='bbox 450 990 503 1009; x_wconf 91' lang='lat' dir='ltr'>me</span> <span class='ocrx_word' id='word_1_140' title='bbox 520 979 657 1018; x_wconf 79' lang='lat' dir='ltr'>ligulam</span> <span class='ocrx_word' id='word_1_141' title='bbox 675 981 789 1009; x_wconf 86' lang='lat' dir='ltr'>dicant</span> <span class='ocrx_word' id='word_1_142' title='bbox 807 980 1008 1018; x_wconf 79' lang='lat' dir='ltr'>equitesque</span> <span class='ocrx_word' id='word_1_143' title='bbox 1027 984 1208 1018; x_wconf 88' lang='lat' dir='ltr'>patresque</span> <span class='ocrx_word' id='word_1_144' title='bbox 1255 977 1346 1017; x_wconf 83' lang='lat' dir='ltr'>XIV,</span> <span class='ocrx_word' id='word_1_145' title='bbox 1369 987 1440 1009; x_wconf 89' lang='lat'>120.</span> 
     </span>
     <span class='ocr_line' id='line_1_19' title="bbox 274 1021 1307 1062; baseline -0.001 -10"><span class='ocrx_word' id='word_1_146' title='bbox 274 1022 438 1060; x_wconf 86' lang='lat' dir='ltr'>Quamvis</span> <span class='ocrx_word' id='word_1_147' title='bbox 454 1028 520 1052; x_wconf 90' lang='lat' dir='ltr'>tarn</span> <span class='ocrx_word' id='word_1_148' title='bbox 540 1025 642 1061; x_wconf 75' lang='lat' dir='ltr'>longo</span> <span class='ocrx_word' id='word_1_149' title='bbox 659 1024 770 1062; x_wconf 85' lang='lat' dir='ltr'>possis</span> <span class='ocrx_word' id='word_1_150' title='bbox 788 1030 882 1053; x_wconf 84' lang='lat' dir='ltr'>satur</span> <span class='ocrx_word' id='word_1_151' title='bbox 899 1033 974 1052; x_wconf 89' lang='lat' dir='ltr'>esse</span> <span class='ocrx_word' id='word_1_152' title='bbox 992 1023 1105 1052; x_wconf 88' lang='lat' dir='ltr'>libello</span> <span class='ocrx_word' id='word_1_153' title='bbox 1153 1021 1212 1059; x_wconf 77' lang='lat' dir='ltr'>XI,</span> <span class='ocrx_word' id='word_1_154' title='bbox 1237 1022 1307 1052; x_wconf 88' lang='lat'>108.</span> 
     </span>
     <span class='ocr_line' id='line_1_20' title="bbox 273 1064 1336 1105; baseline -0.001 -9"><span class='ocrx_word' id='word_1_155' title='bbox 273 1066 411 1104; x_wconf 84' lang='lat' dir='ltr'>Quanta</span> <span class='ocrx_word' id='word_1_156' title='bbox 429 1067 588 1105; x_wconf 83' lang='lat' dir='ltr'>Gigantei</span> <span class='ocrx_word' id='word_1_157' title='bbox 606 1072 812 1096; x_wconf 88' lang='lat' dir='ltr'>memoratur</span> <span class='ocrx_word' id='word_1_158' title='bbox 827 1077 943 1096; x_wconf 89' lang='lat' dir='ltr'>mensa</span> <span class='ocrx_word' id='word_1_159' title='bbox 966 1066 1128 1104; x_wconf 83' lang='lat' dir='ltr'>triumphi</span> <span class='ocrx_word' id='word_1_160' title='bbox 1172 1064 1266 1103; x_wconf 93' lang='lat' dir='ltr'>VIII,</span> <span class='ocrx_word' id='word_1_161' title='bbox 1286 1075 1336 1103; x_wconf 81' lang='lat'>49.</span> 
     </span>
     <span class='ocr_line' id='line_1_21' title="bbox 273 1108 1339 1149; baseline -0.001 -10"><span class='ocrx_word' id='word_1_162' title='bbox 273 1109 410 1147; x_wconf 87' lang='lat' dir='ltr'>Quanta</span> <span class='ocrx_word' id='word_1_163' title='bbox 426 1111 523 1149; x_wconf 90' lang='lat' dir='ltr'>quies</span> <span class='ocrx_word' id='word_1_164' title='bbox 541 1111 661 1149; x_wconf 85' lang='lat' dir='ltr'>placidi</span> <span class='ocrx_word' id='word_1_165' title='bbox 680 1115 805 1140; x_wconf 82' lang='lat' dir='ltr'>tantast</span> <span class='ocrx_word' id='word_1_166' title='bbox 821 1110 979 1139; x_wconf 77' lang='lat' dir='ltr'>facundia</span> <span class='ocrx_word' id='word_1_167' title='bbox 998 1110 1131 1139; x_wconf 83' lang='lat' dir='ltr'>Nervae</span> <span class='ocrx_word' id='word_1_168' title='bbox 1176 1108 1269 1145; x_wconf 82' lang='lat' dir='ltr'>VIII,</span> <span class='ocrx_word' id='word_1_169' title='bbox 1290 1119 1339 1146; x_wconf 91' lang='lat'>70.</span> 
     </span>
     <span class='ocr_line' id='line_1_22' title="bbox 274 1151 1408 1192; baseline -0.001 -9"><span class='ocrx_word' id='word_1_170' title='bbox 274 1153 409 1190; x_wconf 90' lang='lat' dir='ltr'>Quanta</span> <span class='ocrx_word' id='word_1_171' title='bbox 427 1159 483 1183; x_wconf 87' lang='lat' dir='ltr'>tua</span> <span class='ocrx_word' id='word_1_172' title='bbox 500 1160 551 1184; x_wconf 84' lang='lat' dir='ltr'>est</span> <span class='ocrx_word' id='word_1_173' title='bbox 568 1154 714 1192; x_wconf 77' lang='lat' dir='ltr'>probitas</span> <span class='ocrx_word' id='word_1_174' title='bbox 731 1158 825 1184; x_wconf 84' lang='lat' dir='ltr'>tanta</span> <span class='ocrx_word' id='word_1_175' title='bbox 842 1158 893 1183; x_wconf 89' lang='lat' dir='ltr'>est</span> <span class='ocrx_word' id='word_1_176' title='bbox 910 1152 1051 1183; x_wconf 88' lang='lat' dir='ltr'>infantia</span> <span class='ocrx_word' id='word_1_177' title='bbox 1068 1153 1197 1182; x_wconf 85' lang='lat' dir='ltr'>formae</span> <span class='ocrx_word' id='word_1_178' title='bbox 1243 1151 1336 1191; x_wconf 91' lang='lat' dir='ltr'>VIII,</span> <span class='ocrx_word' id='word_1_179' title='bbox 1356 1152 1408 1190; x_wconf 79' lang='lat'>46.</span> 
     </span>
     <span class='ocr_line' id='line_1_23' title="bbox 274 1195 1329 1237; baseline -0.001 -10"><span class='ocrx_word' id='word_1_180' title='bbox 274 1197 447 1234; x_wconf 88' lang='lat' dir='ltr'>Quantum</span> <span class='ocrx_word' id='word_1_181' title='bbox 465 1197 528 1227; x_wconf 90' lang='lat' dir='ltr'>iam</span> <span class='ocrx_word' id='word_1_182' title='bbox 545 1198 689 1237; x_wconf 87' lang='lat' dir='ltr'>superis,</span> <span class='ocrx_word' id='word_1_183' title='bbox 711 1197 847 1235; x_wconf 87' lang='lat' dir='ltr'>Caesar,</span> <span class='ocrx_word' id='word_1_184' title='bbox 868 1197 1031 1236; x_wconf 86' lang='lat' dir='ltr'>caeloque</span> <span class='ocrx_word' id='word_1_185' title='bbox 1049 1196 1171 1226; x_wconf 89' lang='lat' dir='ltr'>dedisti</span> <span class='ocrx_word' id='word_1_186' title='bbox 1220 1195 1279 1234; x_wconf 83' lang='lat' dir='ltr'>IX,</span> <span class='ocrx_word' id='word_1_187' title='bbox 1300 1205 1329 1233; x_wconf 83' lang='lat'>3.</span> 
     </span>
     <span class='ocr_line' id='line_1_24' title="bbox 274 1239 1260 1280; baseline -0.002 -10"><span class='ocrx_word' id='word_1_188' title='bbox 274 1240 448 1278; x_wconf 85' lang='lat' dir='ltr'>Quantum</span> <span class='ocrx_word' id='word_1_189' title='bbox 464 1241 609 1271; x_wconf 89' lang='lat' dir='ltr'>sollicito</span> <span class='ocrx_word' id='word_1_190' title='bbox 625 1241 760 1271; x_wconf 88' lang='lat' dir='ltr'>fortuna</span> <span class='ocrx_word' id='word_1_191' title='bbox 776 1241 925 1280; x_wconf 86' lang='lat' dir='ltr'>parentis</span> <span class='ocrx_word' id='word_1_192' title='bbox 946 1241 1088 1271; x_wconf 82' lang='lat' dir='ltr'>Etrusco</span> <span class='ocrx_word' id='word_1_193' title='bbox 1132 1239 1191 1272; x_wconf 75' lang='lat' dir='ltr'>Vl.</span> <span class='ocrx_word' id='word_1_194' title='bbox 1208 1240 1260 1276; x_wconf 87' lang='lat'>83.</span> 
     </span>
     <span class='ocr_line' id='line_1_25' title="bbox 275 1282 1312 1322; baseline -0.003 -8"><span class='ocrx_word' id='word_1_195' title='bbox 275 1284 443 1322; x_wconf 84' lang='lat' dir='ltr'>Quantus,</span> <span class='ocrx_word' id='word_1_196' title='bbox 464 1284 506 1322; x_wconf 83' lang='lat' dir='ltr'>io⁷</span> <span class='ocrx_word' id='word_1_197' title='bbox 527 1284 640 1314; x_wconf 87' lang='lat' dir='ltr'>Latias</span> <span class='ocrx_word' id='word_1_198' title='bbox 656 1285 773 1314; x_wconf 87' lang='lat' dir='ltr'>mundi</span> <span class='ocrx_word' id='word_1_199' title='bbox 791 1290 974 1315; x_wconf 79' lang='lat' dir='ltr'>concentus</span> <span class='ocrx_word' id='word_1_200' title='bbox 991 1285 1032 1314; x_wconf 88' lang='lat' dir='ltr'>ad</span> <span class='ocrx_word' id='word_1_201' title='bbox 1049 1294 1125 1313; x_wconf 88' lang='lat' dir='ltr'>aras</span> <span class='ocrx_word' id='word_1_202' title='bbox 1170 1282 1262 1321; x_wconf 88' lang='lat' dir='ltr'>VIII,</span> <span class='ocrx_word' id='word_1_203' title='bbox 1282 1294 1312 1321; x_wconf 86' lang='lat'>4.</span> 
     </span>
     <span class='ocr_line' id='line_1_26' title="bbox 276 1327 1152 1367; baseline 0 -9"><span class='ocrx_word' id='word_1_204' title='bbox 276 1327 390 1365; x_wconf 87' lang='lat' dir='ltr'>Quare</span> <span class='ocrx_word' id='word_1_205' title='bbox 408 1338 476 1358; x_wconf 89' lang='lat' dir='ltr'>non</span> <span class='ocrx_word' id='word_1_206' title='bbox 494 1328 627 1367; x_wconf 88' lang='lat' dir='ltr'>habeat,</span> <span class='ocrx_word' id='word_1_207' title='bbox 648 1328 797 1364; x_wconf 80' lang='lat' dir='ltr'>Fabulle,</span> <span class='ocrx_word' id='word_1_208' title='bbox 817 1328 954 1367; x_wconf 86' lang='lat' dir='ltr'>quaeris</span> <span class='ocrx_word' id='word_1_209' title='bbox 1001 1327 1080 1365; x_wconf 82' lang='lat' dir='ltr'>XII,</span> <span class='ocrx_word' id='word_1_210' title='bbox 1100 1337 1152 1358; x_wconf 87' lang='lat'>20.</span> 
     </span>
    </p>

    <p class='ocr_par' dir='ltr' id='par_1_8' title="bbox 276 1370 1208 1410">
     <span class='ocr_line' id='line_1_27' title="bbox 276 1370 1208 1410; baseline -0.002 -9"><span class='ocrx_word' id='word_1_211' title='bbox 276 1372 391 1409; x_wconf 88' lang='lat' dir='ltr'>Quare</span> <span class='ocrx_word' id='word_1_212' title='bbox 408 1376 475 1401; x_wconf 89' lang='lat' dir='ltr'>tarn</span> <span class='ocrx_word' id='word_1_213' title='bbox 492 1372 607 1402; x_wconf 86' lang='lat' dir='ltr'>multis</span> <span class='ocrx_word' id='word_1_214' title='bbox 621 1382 640 1402; x_wconf 88' lang='lat' dir='ltr'>a</span> <span class='ocrx_word' id='word_1_215' title='bbox 657 1378 700 1410; x_wconf 88' lang='lat' dir='ltr'>te,</span> <span class='ocrx_word' id='word_1_216' title='bbox 724 1371 874 1405; x_wconf 67' lang='lat' dir='ltr'>Laetine,</span> <span class='ocrx_word' id='word_1_217' title='bbox 894 1372 1012 1401; x_wconf 87' lang='lat' dir='ltr'>diebus</span> <span class='ocrx_word' id='word_1_218' title='bbox 1061 1370 1138 1410; x_wconf 85' lang='lat' dir='ltr'>XII,</span> <span class='ocrx_word' id='word_1_219' title='bbox 1159 1379 1208 1407; x_wconf 89' lang='lat'>17.</span> 
     </span>
    </p>

    <p class='ocr_par' dir='ltr' id='par_1_9' title="bbox 276 1413 1349 1540">
     <span class='ocr_line' id='line_1_28' title="bbox 276 1413 1318 1455; baseline -0.003 -10"><span class='ocrx_word' id='word_1_220' title='bbox 276 1415 455 1452; x_wconf 76' lang='lat' dir='ltr'>Quatenus</span> <span class='ocrx_word' id='word_1_221' title='bbox 472 1415 641 1455; x_wconf 91' lang='lat' dir='ltr'>Odrysios</span> <span class='ocrx_word' id='word_1_222' title='bbox 659 1416 723 1445; x_wconf 87' lang='lat' dir='ltr'>iam</span> <span class='ocrx_word' id='word_1_223' title='bbox 742 1425 808 1454; x_wconf 79' lang='lat' dir='ltr'>pax</span> <span class='ocrx_word' id='word_1_224' title='bbox 825 1415 980 1445; x_wconf 87' lang='lat' dir='ltr'>Romana</span> <span class='ocrx_word' id='word_1_225' title='bbox 998 1415 1126 1444; x_wconf 84' lang='lat' dir='ltr'>triones</span> <span class='ocrx_word' id='word_1_226' title='bbox 1172 1413 1248 1449; x_wconf 81' lang='lat' dir='ltr'>VII,</span> <span class='ocrx_word' id='word_1_227' title='bbox 1265 1413 1318 1443; x_wconf 87' lang='lat'>80.</span> 
     </span>
     <span class='ocr_line' id='line_1_29' title="bbox 277 1456 1349 1497; baseline -0.002 -9"><span class='ocrx_word' id='word_1_228' title='bbox 277 1459 448 1496; x_wconf 83' lang='lat' dir='ltr'>Quattuor</span> <span class='ocrx_word' id='word_1_229' title='bbox 462 1460 593 1497; x_wconf 83' lang='lat' dir='ltr'>argenti</span> <span class='ocrx_word' id='word_1_230' title='bbox 611 1459 714 1488; x_wconf 89' lang='lat' dir='ltr'>libras</span> <span class='ocrx_word' id='word_1_231' title='bbox 731 1459 812 1488; x_wconf 85' lang='lat' dir='ltr'>mihi</span> <span class='ocrx_word' id='word_1_232' title='bbox 830 1464 983 1497; x_wconf 83' lang='lat' dir='ltr'>tempore</span> <span class='ocrx_word' id='word_1_233' title='bbox 1001 1459 1140 1487; x_wconf 87' lang='lat' dir='ltr'>brumae</span> <span class='ocrx_word' id='word_1_234' title='bbox 1185 1456 1278 1495; x_wconf 88' lang='lat' dir='ltr'>VIII,</span> <span class='ocrx_word' id='word_1_235' title='bbox 1300 1466 1349 1495; x_wconf 86' lang='lat'>71.</span> 
     </span>
     <span class='ocr_line' id='line_1_30' title="bbox 277 1500 1265 1540; baseline -0.002 -8"><span class='ocrx_word' id='word_1_236' title='bbox 277 1503 387 1540; x_wconf 88' lang='lat' dir='ltr'>Quem</span> <span class='ocrx_word' id='word_1_237' title='bbox 405 1503 526 1532; x_wconf 82' lang='lat' dir='ltr'>recitas</span> <span class='ocrx_word' id='word_1_238' title='bbox 543 1513 638 1532; x_wconf 90' lang='lat' dir='ltr'>meus</span> <span class='ocrx_word' id='word_1_239' title='bbox 656 1508 718 1539; x_wconf 88' lang='lat' dir='ltr'>est,</span> <span class='ocrx_word' id='word_1_240' title='bbox 738 1512 756 1532; x_wconf 92' lang='lat' dir='ltr'>o</span> <span class='ocrx_word' id='word_1_241' title='bbox 776 1502 965 1540; x_wconf 82' lang='lat' dir='ltr'>Fidentine,</span> <span class='ocrx_word' id='word_1_242' title='bbox 986 1501 1121 1531; x_wconf 85' lang='lat' dir='ltr'>libellus</span> <span class='ocrx_word' id='word_1_243' title='bbox 1168 1500 1192 1539; x_wconf 93' lang='grc' dir='ltr'>Ι,</span> <span class='ocrx_word' id='word_1_244' title='bbox 1213 1501 1265 1538; x_wconf 80' lang='grc'>38.</span> 
     </span>
    </p>

    <p class='ocr_par' dir='ltr' id='par_1_10' title="bbox 277 1545 1124 1585">
     <span class='ocr_line' id='line_1_31' title="bbox 277 1545 1124 1585; baseline -0.004 -9"><span class='ocrx_word' id='word_1_245' title='bbox 277 1546 344 1584; x_wconf 89' lang='grc'><strong>9111</strong></span> <span class='ocrx_word' id='word_1_246' title='bbox 362 1546 545 1585; x_wconf 86' lang='lat' dir='ltr'>Corcyraei</span> <span class='ocrx_word' id='word_1_247' title='bbox 562 1547 645 1576; x_wconf 85' lang='lat' dir='ltr'>vidit</span> <span class='ocrx_word' id='word_1_248' title='bbox 663 1547 813 1585; x_wconf 88' lang='lat' dir='ltr'>pomaria</span> <span class='ocrx_word' id='word_1_249' title='bbox 831 1547 921 1585; x_wconf 83' lang='lat' dir='ltr'>regis</span> <span class='ocrx_word' id='word_1_250' title='bbox 966 1545 1058 1585; x_wconf 90' lang='lat' dir='ltr'>VIII,</span> <span class='ocrx_word' id='word_1_251' title='bbox 1073 1545 1124 1574; x_wconf 83' lang='lat'>68.</span> 
     </span>
    </p>

    <p class='ocr_par' dir='ltr' id='par_1_11' title="bbox 277 1586 1261 1628">
     <span class='ocr_line' id='line_1_32' title="bbox 277 1586 1261 1628; baseline -0.001 -9"><span class='ocrx_word' id='word_1_252' title='bbox 277 1590 345 1628; x_wconf 93' lang='lat' dir='ltr'>Qui</span> <span class='ocrx_word' id='word_1_253' title='bbox 364 1590 561 1620; x_wconf 89' lang='lat' dir='ltr'>Diomedeis</span> <span class='ocrx_word' id='word_1_254' title='bbox 576 1590 779 1620; x_wconf 88' lang='lat' dir='ltr'>metuendus</span> <span class='ocrx_word' id='word_1_255' title='bbox 795 1590 942 1628; x_wconf 84' lang='lat' dir='ltr'>saetiger</span> <span class='ocrx_word' id='word_1_256' title='bbox 957 1589 1048 1628; x_wconf 81' lang='lat' dir='ltr'>agris</span> <span class='ocrx_word' id='word_1_257' title='bbox 1092 1586 1189 1625; x_wconf 85' lang='lat' dir='ltr'>XIII,</span> <span class='ocrx_word' id='word_1_258' title='bbox 1208 1597 1261 1626; x_wconf 88' lang='grc'>93.</span> 
     </span>
    </p>

    <p class='ocr_par' dir='ltr' id='par_1_12' title="bbox 278 1631 1211 1672">
     <span class='ocr_line' id='line_1_33' title="bbox 278 1631 1211 1672; baseline -0.002 -9"><span class='ocrx_word' id='word_1_259' title='bbox 278 1633 345 1671; x_wconf 89' lang='grc'><strong>9111</strong></span> <span class='ocrx_word' id='word_1_260' title='bbox 364 1633 460 1663; x_wconf 86' lang='lat' dir='ltr'>ducis</span> <span class='ocrx_word' id='word_1_261' title='bbox 477 1634 590 1663; x_wconf 82' lang='lat' dir='ltr'>vultus</span> <span class='ocrx_word' id='word_1_262' title='bbox 608 1638 641 1663; x_wconf 87' lang='lat' dir='ltr'>et</span> <span class='ocrx_word' id='word_1_263' title='bbox 658 1644 724 1663; x_wconf 92' lang='lat' dir='ltr'>non</span> <span class='ocrx_word' id='word_1_264' title='bbox 742 1634 827 1672; x_wconf 81' lang='lat' dir='ltr'>legis</span> <span class='ocrx_word' id='word_1_265' title='bbox 846 1633 909 1663; x_wconf 88' lang='lat' dir='ltr'>ista</span> <span class='ocrx_word' id='word_1_266' title='bbox 926 1633 1069 1662; x_wconf 87' lang='lat' dir='ltr'>libenter</span> <span class='ocrx_word' id='word_1_267' title='bbox 1115 1631 1140 1669; x_wconf 81' lang='grc' dir='ltr'>Ι,</span> <span class='ocrx_word' id='word_1_268' title='bbox 1160 1642 1211 1669; x_wconf 78' lang='lat'>40.</span> 
     </span>
    </p>

    <p class='ocr_par' dir='ltr' id='par_1_13' title="bbox 278 1672 1428 1759">
     <span class='ocr_line' id='line_1_34' title="bbox 278 1672 1428 1716; baseline -0.002 -10"><span class='ocrx_word' id='word_1_269' title='bbox 278 1677 345 1715; x_wconf 89' lang='lat' dir='ltr'>Qui</span> <span class='ocrx_word' id='word_1_270' title='bbox 361 1677 474 1716; x_wconf 82' lang='lat' dir='ltr'>gravis</span> <span class='ocrx_word' id='word_1_271' title='bbox 491 1687 527 1706; x_wconf 88' lang='lat' dir='ltr'>es</span> <span class='ocrx_word' id='word_1_272' title='bbox 544 1677 694 1716; x_wconf 88' lang='lat' dir='ltr'>nimium,</span> <span class='ocrx_word' id='word_1_273' title='bbox 714 1682 812 1716; x_wconf 89' lang='lat' dir='ltr'>potes</span> <span class='ocrx_word' id='word_1_274' title='bbox 829 1676 907 1707; x_wconf 92' lang='lat' dir='ltr'>hinc</span> <span class='ocrx_word' id='word_1_275' title='bbox 926 1677 1000 1714; x_wconf 86' lang='lat' dir='ltr'>iam,</span> <span class='ocrx_word' id='word_1_276' title='bbox 1021 1677 1138 1713; x_wconf 90' lang='lat' dir='ltr'>lector,</span> <span class='ocrx_word' id='word_1_277' title='bbox 1157 1675 1249 1704; x_wconf 86' lang='lat' dir='ltr'>abire</span> <span class='ocrx_word' id='word_1_278' title='bbox 1296 1672 1356 1712; x_wconf 82' lang='lat' dir='ltr'>XI,</span> <span class='ocrx_word' id='word_1_279' title='bbox 1380 1674 1428 1704; x_wconf 86' lang='lat'>16.</span> 
     </span>
     <span class='ocr_line' id='line_1_35' title="bbox 278 1718 1281 1759; baseline -0.002 -9"><span class='ocrx_word' id='word_1_280' title='bbox 278 1721 345 1758; x_wconf 90' lang='lat' dir='ltr'>Qui</span> <span class='ocrx_word' id='word_1_281' title='bbox 362 1721 448 1759; x_wconf 88' lang='lat' dir='ltr'>legis</span> <span class='ocrx_word' id='word_1_282' title='bbox 464 1720 667 1759; x_wconf 86' lang='lat' dir='ltr'>Oedipoden</span> <span class='ocrx_word' id='word_1_283' title='bbox 684 1721 952 1759; x_wconf 80' lang='lat' dir='ltr'>caligantemque</span> <span class='ocrx_word' id='word_1_284' title='bbox 969 1720 1143 1758; x_wconf 71' lang='lat' dir='ltr'>&#39;I&#39;lxyesten</span> <span class='ocrx_word' id='word_1_285' title='bbox 1190 1718 1232 1757; x_wconf 87' lang='lat' dir='ltr'>X,</span> <span class='ocrx_word' id='word_1_286' title='bbox 1253 1729 1281 1756; x_wconf 78' lang='lat'>4.</span> 
     </span>
    </p>

    <p class='ocr_par' dir='ltr' id='par_1_14' title="bbox 278 1761 1433 1890">
     <span class='ocr_line' id='line_1_36' title="bbox 279 1761 1387 1803; baseline -0.002 -9"><span class='ocrx_word' id='word_1_287' title='bbox 279 1764 346 1802; x_wconf 85' lang='lat' dir='ltr'>Qui</span> <span class='ocrx_word' id='word_1_288' title='bbox 363 1765 464 1794; x_wconf 91' lang='lat' dir='ltr'>modo</span> <span class='ocrx_word' id='word_1_289' title='bbox 482 1774 542 1803; x_wconf 91' lang='lat' dir='ltr'>per</span> <span class='ocrx_word' id='word_1_290' title='bbox 558 1769 662 1794; x_wconf 89' lang='lat' dir='ltr'>totam</span> <span class='ocrx_word' id='word_1_291' title='bbox 680 1764 822 1794; x_wconf 83' lang='lat' dir='ltr'>flammis</span> <span class='ocrx_word' id='word_1_292' title='bbox 838 1764 1031 1793; x_wconf 84' lang='lat' dir='ltr'>stimulatus</span> <span class='ocrx_word' id='word_1_293' title='bbox 1048 1764 1209 1792; x_wconf 84' lang='lat' dir='ltr'>harenam</span> <span class='ocrx_word' id='word_1_294' title='bbox 1255 1761 1314 1801; x_wconf 79' lang='lat' dir='ltr'>Ep.</span> <span class='ocrx_word' id='word_1_295' title='bbox 1338 1771 1387 1800; x_wconf 90' lang='lat'>19.</span> 
     </span>
     <span class='ocr_line' id='line_1_37' title="bbox 279 1804 1433 1847; baseline -0.003 -10"><span class='ocrx_word' id='word_1_296' title='bbox 279 1808 347 1846; x_wconf 90' lang='lat' dir='ltr'>Qui</span> <span class='ocrx_word' id='word_1_297' title='bbox 364 1808 513 1838; x_wconf 88' lang='lat' dir='ltr'>nondum</span> <span class='ocrx_word' id='word_1_298' title='bbox 530 1808 670 1847; x_wconf 79' lang='lat' dir='ltr'>Stygias</span> <span class='ocrx_word' id='word_1_299' title='bbox 686 1807 819 1846; x_wconf 86' lang='lat' dir='ltr'>quaerit</span> <span class='ocrx_word' id='word_1_300' title='bbox 835 1807 1045 1837; x_wconf 82' lang='lat' dir='ltr'>descendere</span> <span class='ocrx_word' id='word_1_301' title='bbox 1061 1808 1102 1837; x_wconf 88' lang='lat' dir='ltr'>ad</span> <span class='ocrx_word' id='word_1_302' title='bbox 1120 1806 1256 1836; x_wconf 90' lang='lat' dir='ltr'>umbras</span> <span class='ocrx_word' id='word_1_303' title='bbox 1302 1804 1361 1843; x_wconf 85' lang='lat' dir='ltr'>X1,</span> <span class='ocrx_word' id='word_1_304' title='bbox 1381 1805 1433 1842; x_wconf 82' lang='lat'>84.</span> 
     </span>
     <span class='ocr_line' id='line_1_38' title="bbox 278 1848 1332 1890; baseline -0.002 -9"><span class='ocrx_word' id='word_1_305' title='bbox 278 1851 343 1890; x_wconf 90' lang='lat' dir='ltr'>Qui</span> <span class='ocrx_word' id='word_1_306' title='bbox 360 1861 451 1882; x_wconf 88' lang='lat' dir='ltr'>nunc</span> <span class='ocrx_word' id='word_1_307' title='bbox 469 1852 658 1882; x_wconf 86' lang='lat' dir='ltr'>Caesareae</span> <span class='ocrx_word' id='word_1_308' title='bbox 674 1852 769 1881; x_wconf 76' lang='lat' dir='ltr'>lusus</span> <span class='ocrx_word' id='word_1_309' title='bbox 785 1856 957 1890; x_wconf 88' lang='lat' dir='ltr'>spectatur</span> <span class='ocrx_word' id='word_1_310' title='bbox 974 1851 1121 1880; x_wconf 86' lang='lat' dir='ltr'>harenae</span> <span class='ocrx_word' id='word_1_311' title='bbox 1169 1848 1260 1888; x_wconf 86' lang='lat' dir='ltr'>VIII,</span> <span class='ocrx_word' id='word_1_312' title='bbox 1280 1857 1332 1886; x_wconf 86' lang='lat'>30.</span> 
     </span>
    </p>

    <p class='ocr_par' dir='ltr' id='par_1_15' title="bbox 279 1892 1227 1934">
     <span class='ocr_line' id='line_1_39' title="bbox 279 1892 1227 1934; baseline -0.001 -9"><span class='ocrx_word' id='word_1_313' title='bbox 279 1896 347 1933; x_wconf 86' lang='lat' dir='ltr'>Qui</span> <span class='ocrx_word' id='word_1_314' title='bbox 366 1895 537 1925; x_wconf 86' lang='lat' dir='ltr'>Palatinae</span> <span class='ocrx_word' id='word_1_315' title='bbox 555 1899 692 1934; x_wconf 86' lang='lat' dir='ltr'>caperet</span> <span class='ocrx_word' id='word_1_316' title='bbox 709 1895 863 1925; x_wconf 87' lang='lat' dir='ltr'>convivia</span> <span class='ocrx_word' id='word_1_317' title='bbox 879 1903 1018 1924; x_wconf 84' lang='lat' dir='ltr'>mensae</span> <span class='ocrx_word' id='word_1_318' title='bbox 1062 1892 1155 1932; x_wconf 88' lang='lat' dir='ltr'>VIII,</span> <span class='ocrx_word' id='word_1_319' title='bbox 1174 1902 1227 1931; x_wconf 81' lang='lat'>39.</span> 
     </span>
    </p>

    <p class='ocr_par' dir='ltr' id='par_1_16' title="bbox 279 1937 1090 1978">
     <span class='ocr_line' id='line_1_40' title="bbox 279 1937 1090 1978; baseline 0 -10"><span class='ocrx_word' id='word_1_320' title='bbox 279 1939 348 1977; x_wconf 87' lang='lat' dir='ltr'>Qui</span> <span class='ocrx_word' id='word_1_321' title='bbox 365 1939 476 1978; x_wconf 87' lang='lat' dir='ltr'>pinxit</span> <span class='ocrx_word' id='word_1_322' title='bbox 490 1938 658 1969; x_wconf 88' lang='lat' dir='ltr'>Venerem</span> <span class='ocrx_word' id='word_1_323' title='bbox 676 1943 777 1977; x_wconf 80' lang='lat' dir='ltr'>tuam,</span> <span class='ocrx_word' id='word_1_324' title='bbox 799 1939 924 1978; x_wconf 88' lang='lat' dir='ltr'>Lycori</span> <span class='ocrx_word' id='word_1_325' title='bbox 971 1937 996 1976; x_wconf 92' lang='lat' dir='ltr'>I,</span> <span class='ocrx_word' id='word_1_326' title='bbox 1020 1947 1090 1968; x_wconf 85' lang='lat'><em>102.</em></span> 
     </span>
    </p>

    <p class='ocr_par' dir='ltr' id='par_1_17' title="bbox 280 1980 1281 2022">
     <span class='ocr_line' id='line_1_41' title="bbox 280 1980 1281 2022; baseline -0.001 -11"><span class='ocrx_word' id='word_1_327' title='bbox 280 1981 347 2020; x_wconf 94' lang='lat' dir='ltr'>Qui</span> <span class='ocrx_word' id='word_1_328' title='bbox 364 1983 473 2022; x_wconf 86' lang='lat' dir='ltr'>potuit</span> <span class='ocrx_word' id='word_1_329' title='bbox 490 1982 617 2013; x_wconf 86' lang='lat' dir='ltr'>Bacchi</span> <span class='ocrx_word' id='word_1_330' title='bbox 634 1987 774 2012; x_wconf 89' lang='lat' dir='ltr'>matrem</span> <span class='ocrx_word' id='word_1_331' title='bbox 791 1982 918 2012; x_wconf 77' lang='lat' dir='ltr'>dixisse</span> <span class='ocrx_word' id='word_1_332' title='bbox 934 1982 1124 2012; x_wconf 85' lang='lat' dir='ltr'>Tonantem</span> <span class='ocrx_word' id='word_1_333' title='bbox 1169 1980 1208 2020; x_wconf 81' lang='lat' dir='ltr'>V,</span> <span class='ocrx_word' id='word_1_334' title='bbox 1232 1990 1281 2019; x_wconf 78' lang='lat'>72.</span> 
     </span>
    </p>

    <p class='ocr_par' dir='ltr' id='par_1_18' title="bbox 281 2025 1045 2065">
     <span class='ocr_line' id='line_1_42' title="bbox 281 2025 1045 2065; baseline 0.003 -11"><span class='ocrx_word' id='word_1_335' title='bbox 281 2025 347 2064; x_wconf 89' lang='lat' dir='ltr'>Qui</span> <span class='ocrx_word' id='word_1_336' title='bbox 364 2031 514 2065; x_wconf 85' lang='lat' dir='ltr'>praestat</span> <span class='ocrx_word' id='word_1_337' title='bbox 531 2026 656 2065; x_wconf 88' lang='lat' dir='ltr'>pietate</span> <span class='ocrx_word' id='word_1_338' title='bbox 674 2027 836 2065; x_wconf 87' lang='lat' dir='ltr'>pertinaci</span> <span class='ocrx_word' id='word_1_339' title='bbox 880 2025 978 2064; x_wconf 83' lang='lat' dir='ltr'>VIII,</span> <span class='ocrx_word' id='word_1_340' title='bbox 994 2027 1045 2064; x_wconf 83' lang='lat'>38.</span> 
     </span>
    </p>

    <p class='ocr_par' dir='ltr' id='par_1_19' title="bbox 281 2067 1224 2107">
     <span class='ocr_line' id='line_1_43' title="bbox 281 2067 1224 2107; baseline -0.001 -9"><span class='ocrx_word' id='word_1_341' title='bbox 281 2069 348 2107; x_wconf 91' lang='lat' dir='ltr'>Qui</span> <span class='ocrx_word' id='word_1_342' title='bbox 368 2070 485 2099; x_wconf 89' lang='lat' dir='ltr'>recitat</span> <span class='ocrx_word' id='word_1_343' title='bbox 502 2070 579 2099; x_wconf 88' lang='lat' dir='ltr'>lana</span> <span class='ocrx_word' id='word_1_344' title='bbox 596 2070 711 2100; x_wconf 83' lang='lat' dir='ltr'>fauces</span> <span class='ocrx_word' id='word_1_345' title='bbox 728 2074 761 2099; x_wconf 90' lang='lat' dir='ltr'>et</span> <span class='ocrx_word' id='word_1_346' title='bbox 778 2070 863 2099; x_wconf 90' lang='lat' dir='ltr'>colla</span> <span class='ocrx_word' id='word_1_347' title='bbox 881 2070 1051 2099; x_wconf 86' lang='lat' dir='ltr'>revinctus</span> <span class='ocrx_word' id='word_1_348' title='bbox 1095 2067 1153 2106; x_wconf 87' lang='lat' dir='ltr'>VI,</span> <span class='ocrx_word' id='word_1_349' title='bbox 1173 2077 1224 2106; x_wconf 84' lang='lat'>41.</span> 
     </span>
    </p>

    <p class='ocr_par' dir='ltr' id='par_1_20' title="bbox 282 2110 1281 2152">
     <span class='ocr_line' id='line_1_44' title="bbox 282 2110 1281 2152; baseline -0.001 -11"><span class='ocrx_word' id='word_1_350' title='bbox 282 2113 348 2151; x_wconf 90' lang='lat' dir='ltr'>Qui</span> <span class='ocrx_word' id='word_1_351' title='bbox 365 2117 475 2143; x_wconf 90' lang='lat' dir='ltr'>tecum</span> <span class='ocrx_word' id='word_1_352' title='bbox 492 2114 588 2152; x_wconf 89' lang='lat' dir='ltr'>cupis</span> <span class='ocrx_word' id='word_1_353' title='bbox 604 2124 680 2143; x_wconf 90' lang='lat' dir='ltr'>esse</span> <span class='ocrx_word' id='word_1_354' title='bbox 697 2123 790 2143; x_wconf 88' lang='lat' dir='ltr'>meos</span> <span class='ocrx_word' id='word_1_355' title='bbox 808 2113 1009 2151; x_wconf 88' lang='lat' dir='ltr'>ubicumque</span> <span class='ocrx_word' id='word_1_356' title='bbox 1025 2112 1157 2142; x_wconf 90' lang='lat' dir='ltr'>libellos</span> <span class='ocrx_word' id='word_1_357' title='bbox 1205 2110 1231 2151; x_wconf 90' lang='lat' dir='ltr'>I,</span> <span class='ocrx_word' id='word_1_358' title='bbox 1250 2121 1281 2141; x_wconf 86' lang='lat'>2.</span> 
     </span>
    </p>

    <p class='ocr_par' dir='ltr' id='par_1_21' title="bbox 282 2155 1204 2194">
     <span class='ocr_line' id='line_1_45' title="bbox 282 2155 1204 2194; baseline -0.003 -8"><span class='ocrx_word' id='word_1_359' title='bbox 282 2157 349 2194; x_wconf 87' lang='lat' dir='ltr'>Qui</span> <span class='ocrx_word' id='word_1_360' title='bbox 367 2161 485 2186; x_wconf 87' lang='lat' dir='ltr'>tonsor</span> <span class='ocrx_word' id='word_1_361' title='bbox 500 2156 612 2186; x_wconf 81' lang='lat' dir='ltr'>fueras</span> <span class='ocrx_word' id='word_1_362' title='bbox 628 2162 699 2186; x_wconf 87' lang='lat' dir='ltr'>tota</span> <span class='ocrx_word' id='word_1_363' title='bbox 718 2157 912 2186; x_wconf 88' lang='lat' dir='ltr'>notissimus</span> <span class='ocrx_word' id='word_1_364' title='bbox 930 2157 1013 2186; x_wconf 83' lang='lat' dir='ltr'>urbe</span> <span class='ocrx_word' id='word_1_365' title='bbox 1058 2155 1132 2194; x_wconf 84' lang='lat' dir='ltr'>VII,</span> <span class='ocrx_word' id='word_1_366' title='bbox 1152 2157 1204 2193; x_wconf 81' lang='lat'>64.</span> 
     </span>
    </p>

    <p class='ocr_par' dir='ltr' id='par_1_22' title="bbox 282 2197 1386 2325">
     <span class='ocr_line' id='line_1_46' title="bbox 282 2197 1373 2238; baseline -0.002 -10"><span class='ocrx_word' id='word_1_367' title='bbox 282 2199 349 2238; x_wconf 89' lang='lat' dir='ltr'>Qui</span> <span class='ocrx_word' id='word_1_368' title='bbox 367 2201 460 2230; x_wconf 90' lang='lat' dir='ltr'>venit</span> <span class='ocrx_word' id='word_1_369' title='bbox 477 2200 612 2230; x_wconf 88' lang='lat' dir='ltr'>botulus</span> <span class='ocrx_word' id='word_1_370' title='bbox 629 2200 760 2230; x_wconf 89' lang='lat' dir='ltr'>mediae</span> <span class='ocrx_word' id='word_1_371' title='bbox 778 2200 838 2230; x_wconf 91' lang='lat' dir='ltr'>tibi</span> <span class='ocrx_word' id='word_1_372' title='bbox 856 2205 1008 2238; x_wconf 89' lang='lat' dir='ltr'>tempore</span> <span class='ocrx_word' id='word_1_373' title='bbox 1026 2199 1165 2229; x_wconf 86' lang='lat' dir='ltr'>brumae</span> <span class='ocrx_word' id='word_1_374' title='bbox 1211 2197 1302 2235; x_wconf 73' lang='lat' dir='ltr'>XIV,</span> <span class='ocrx_word' id='word_1_375' title='bbox 1323 2207 1373 2236; x_wconf 86' lang='lat'>72.</span> 
     </span>
     <span class='ocr_line' id='line_1_47' title="bbox 283 2240 1386 2281; baseline -0.001 -9"><span class='ocrx_word' id='word_1_376' title='bbox 283 2243 373 2281; x_wconf 82' lang='lat' dir='ltr'>Quid</span> <span class='ocrx_word' id='word_1_377' title='bbox 391 2253 465 2273; x_wconf 88' lang='lat' dir='ltr'>eum</span> <span class='ocrx_word' id='word_1_378' title='bbox 484 2243 631 2273; x_wconf 89' lang='lat' dir='ltr'>femineo</span> <span class='ocrx_word' id='word_1_379' title='bbox 649 2244 718 2281; x_wconf 90' lang='lat' dir='ltr'>tibi,</span> <span class='ocrx_word' id='word_1_380' title='bbox 740 2244 880 2273; x_wconf 84' lang='lat' dir='ltr'>Baetice</span> <span class='ocrx_word' id='word_1_381' title='bbox 898 2243 1003 2281; x_wconf 83' lang='lat' dir='ltr'>Galle,</span> <span class='ocrx_word' id='word_1_382' title='bbox 1023 2243 1205 2273; x_wconf 71' lang='lat' dir='ltr'>barathro?</span> <span class='ocrx_word' id='word_1_383' title='bbox 1252 2240 1314 2280; x_wconf 87' lang='lat' dir='ltr'>III,</span> <span class='ocrx_word' id='word_1_384' title='bbox 1334 2241 1386 2271; x_wconf 85' lang='grc'><strong>81.</strong></span> 
     </span>
     <span class='ocr_line' id='line_1_48' title="bbox 283 2285 1083 2325; baseline 0.003 -10"><span class='ocrx_word' id='word_1_385' title='bbox 283 2287 374 2325; x_wconf 88' lang='lat' dir='ltr'>Quid</span> <span class='ocrx_word' id='word_1_386' title='bbox 391 2288 432 2317; x_wconf 93' lang='lat' dir='ltr'>de</span> <span class='ocrx_word' id='word_1_387' title='bbox 449 2291 494 2318; x_wconf 82' lang='lat' dir='ltr'>te.</span> <span class='ocrx_word' id='word_1_388' title='bbox 512 2287 607 2325; x_wconf 83' lang='lat' dir='ltr'>Line,</span> <span class='ocrx_word' id='word_1_389' title='bbox 627 2287 819 2325; x_wconf 86' lang='lat' dir='ltr'>suspicetur</span> <span class='ocrx_word' id='word_1_390' title='bbox 835 2297 921 2317; x_wconf 86' lang='lat' dir='ltr'>uxor</span> <span class='ocrx_word' id='word_1_391' title='bbox 968 2285 1010 2324; x_wconf 88' lang='lat' dir='ltr'>II,</span> <span class='ocrx_word' id='word_1_392' title='bbox 1030 2296 1083 2324; x_wconf 74' lang='lat'>54.</span> 
     </span>
    </p>

    <p class='ocr_par' dir='ltr' id='par_1_23' title="bbox 283 2327 1362 2412">
     <span class='ocr_line' id='line_1_49' title="bbox 283 2327 1362 2369; baseline -0.001 -10"><span class='ocrx_word' id='word_1_393' title='bbox 283 2331 374 2368; x_wconf 89' lang='lat' dir='ltr'>Quid</span> <span class='ocrx_word' id='word_1_394' title='bbox 392 2330 489 2360; x_wconf 84' lang='lat' dir='ltr'>saciat</span> <span class='ocrx_word' id='word_1_395' title='bbox 505 2330 574 2360; x_wconf 89' lang='lat' dir='ltr'>volt</span> <span class='ocrx_word' id='word_1_396' title='bbox 590 2330 677 2360; x_wconf 89' lang='lat' dir='ltr'>scire</span> <span class='ocrx_word' id='word_1_397' title='bbox 696 2330 815 2369; x_wconf 78' lang='lat' dir='ltr'>Lyris:</span> <span class='ocrx_word' id='word_1_398' title='bbox 841 2331 931 2369; x_wconf 90' lang='lat' dir='ltr'>quod</span> <span class='ocrx_word' id='word_1_399' title='bbox 948 2330 1082 2360; x_wconf 82' lang='lat' dir='ltr'>sobria:</span> <span class='ocrx_word' id='word_1_400' title='bbox 1108 2329 1198 2358; x_wconf 88' lang='lat' dir='ltr'>fellat</span> <span class='ocrx_word' id='word_1_401' title='bbox 1247 2327 1290 2367; x_wconf 88' lang='lat'>11,</span> <span class='ocrx_word' id='word_1_402' title='bbox 1312 2338 1362 2366; x_wconf 84' lang='lat'>73.</span> 
     </span>
     <span class='ocr_line' id='line_1_50' title="bbox 284 2371 1254 2412; baseline -0.001 -9"><span class='ocrx_word' id='word_1_403' title='bbox 284 2374 374 2412; x_wconf 84' lang='lat' dir='ltr'>Quid</span> <span class='ocrx_word' id='word_1_404' title='bbox 392 2373 491 2404; x_wconf 87' lang='lat' dir='ltr'>faciet</span> <span class='ocrx_word' id='word_1_405' title='bbox 508 2374 619 2403; x_wconf 90' lang='lat' dir='ltr'>nullos</span> <span class='ocrx_word' id='word_1_406' title='bbox 636 2374 690 2403; x_wconf 91' lang='lat' dir='ltr'>hic</span> <span class='ocrx_word' id='word_1_407' title='bbox 707 2374 887 2403; x_wconf 84' lang='lat' dir='ltr'>inventura</span> <span class='ocrx_word' id='word_1_408' title='bbox 904 2374 1045 2412; x_wconf 88' lang='lat' dir='ltr'>capillos</span> <span class='ocrx_word' id='word_1_409' title='bbox 1091 2371 1182 2409; x_wconf 90' lang='lat' dir='ltr'>XIV,</span> <span class='ocrx_word' id='word_1_410' title='bbox 1202 2382 1254 2410; x_wconf 80' lang='lat'>25.</span> 
     </span>
    </p>

    <p class='ocr_par' dir='ltr' id='par_1_24' title="bbox 285 2414 1266 2456">
     <span class='ocr_line' id='line_1_51' title="bbox 285 2414 1266 2456; baseline -0.002 -9"><span class='ocrx_word' id='word_1_411' title='bbox 285 2418 375 2455; x_wconf 87' lang='lat' dir='ltr'>Quid</span> <span class='ocrx_word' id='word_1_412' title='bbox 394 2417 519 2447; x_wconf 87' lang='lat' dir='ltr'>factum</span> <span class='ocrx_word' id='word_1_413' title='bbox 536 2422 598 2455; x_wconf 88' lang='lat' dir='ltr'>est,</span> <span class='ocrx_word' id='word_1_414' title='bbox 619 2427 712 2455; x_wconf 86' lang='lat' dir='ltr'>rogo⁷</span> <span class='ocrx_word' id='word_1_415' title='bbox 732 2417 812 2456; x_wconf 90' lang='lat' dir='ltr'>quid</span> <span class='ocrx_word' id='word_1_416' title='bbox 831 2422 970 2456; x_wconf 86' lang='lat' dir='ltr'>repente</span> <span class='ocrx_word' id='word_1_417' title='bbox 988 2417 1110 2446; x_wconf 87' lang='lat' dir='ltr'>factum</span> <span class='ocrx_word' id='word_1_418' title='bbox 1157 2414 1195 2455; x_wconf 80' lang='lat' dir='ltr'>V,</span> <span class='ocrx_word' id='word_1_419' title='bbox 1215 2427 1266 2453; x_wconf 77' lang='lat'>44.</span> 
     </span>
    </p>

    <p class='ocr_par' dir='ltr' id='par_1_25' title="bbox 285 2457 1362 2500">
     <span class='ocr_line' id='line_1_52' title="bbox 285 2457 1362 2500; baseline -0.003 -10"><span class='ocrx_word' id='word_1_420' title='bbox 285 2462 374 2500; x_wconf 90' lang='lat' dir='ltr'>Quid</span> <span class='ocrx_word' id='word_1_421' title='bbox 391 2471 444 2491; x_wconf 90' lang='lat' dir='ltr'>me</span> <span class='ocrx_word' id='word_1_422' title='bbox 463 2465 660 2500; x_wconf 87' lang='lat' dir='ltr'>conpactam</span> <span class='ocrx_word' id='word_1_423' title='bbox 678 2461 765 2490; x_wconf 87' lang='lat' dir='ltr'>ceris</span> <span class='ocrx_word' id='word_1_424' title='bbox 783 2465 816 2490; x_wconf 90' lang='lat' dir='ltr'>et</span> <span class='ocrx_word' id='word_1_425' title='bbox 834 2460 1024 2490; x_wconf 87' lang='lat' dir='ltr'>harundine</span> <span class='ocrx_word' id='word_1_426' title='bbox 1042 2460 1154 2489; x_wconf 66' lang='lat' dir='ltr'>rides?</span> <span class='ocrx_word' id='word_1_427' title='bbox 1201 2457 1293 2495; x_wconf 77' lang='lat' dir='ltr'>XIV,</span> <span class='ocrx_word' id='word_1_428' title='bbox 1311 2459 1362 2495; x_wconf 80' lang='lat'>64.</span> 
     </span>
    </p>
   </div>
  </div>
 </body>
</html>
