<?xml version="1.0" encoding="UTF-8"?>
<!DOCTYPE html PUBLIC "-//W3C//DTD XHTML 1.0 Transitional//EN"
    "http://www.w3.org/TR/xhtml1/DTD/xhtml1-transitional.dtd">
<html xmlns="http://www.w3.org/1999/xhtml" xml:lang="en" lang="en">
 <head>
  <title>
</title>
<meta http-equiv="Content-Type" content="text/html;charset=utf-8" />
  <meta name='ocr-system' content='tesseract 3.04.00' />
  <meta name='ocr-capabilities' content='ocr_page ocr_carea ocr_par ocr_line ocrx_word'/>
</head>
<body>
  <div class='ocr_page' id='page_1' title='image "./epigrammatarecog00martuoft/epigrammatarecog00martuoft_0160.png"; bbox 0 0 1684 2763; ppageno 0'>
   <div class='ocr_carea' id='block_1_1' title="bbox 222 139 780 177">
    <p class='ocr_par' dir='ltr' id='par_1_1' title="bbox 222 139 780 177">
     <span class='ocr_line' id='line_1_1' title="bbox 222 139 780 177; baseline 0.002 -1"><span class='ocrx_word' id='word_1_1' title='bbox 222 141 278 177; x_wconf 91' lang='lat' dir='ltr'>M.</span> <span class='ocrx_word' id='word_1_2' title='bbox 310 139 432 176; x_wconf 85' lang='lat' dir='ltr'>VAL.</span> <span class='ocrx_word' id='word_1_3' title='bbox 466 140 780 177; x_wconf 89' lang='lat' dir='ltr'><strong>MARTIALIS</strong></span> 
     </span>
    </p>
   </div>
   <div class='ocr_carea' id='block_1_2' title="bbox 744 250 811 287">
    <p class='ocr_par' dir='ltr' id='par_1_2' title="bbox 744 250 811 287">
     <span class='ocr_line' id='line_1_2' title="bbox 744 250 811 287; baseline -0.015 0"><span class='ocrx_word' id='word_1_4' title='bbox 744 250 811 287; x_wconf 88' lang='grc' dir='ltr'>ΠΙ</span> 
     </span>
    </p>
   </div>
   <div class='ocr_carea' id='block_1_3' title="bbox 222 313 1250 429">
    <p class='ocr_par' dir='ltr' id='par_1_3' title="bbox 222 313 1250 429">
     <span class='ocr_line' id='line_1_3' title="bbox 222 313 1250 364; baseline 0.001 -12"><span class='ocrx_word' id='word_1_5' title='bbox 222 315 370 352; x_wconf 85' lang='lat' dir='ltr'>Accola</span> <span class='ocrx_word' id='word_1_6' title='bbox 399 313 476 351; x_wconf 83' lang='lat' dir='ltr'>iam</span> <span class='ocrx_word' id='word_1_7' title='bbox 506 321 662 352; x_wconf 82' lang='lat' dir='ltr'>nostrae</span> <span class='ocrx_word' id='word_1_8' title='bbox 693 313 824 363; x_wconf 84' lang='lat' dir='ltr'>Degis,</span> <span class='ocrx_word' id='word_1_9' title='bbox 857 313 1103 360; x_wconf 82' lang='lat' dir='ltr'>Germanice,</span> <span class='ocrx_word' id='word_1_10' title='bbox 1135 315 1250 364; x_wconf 87' lang='lat' dir='ltr'>ripae,</span> 
     </span>
     <span class='ocr_line' id='line_1_4' title="bbox 275 378 1121 429; baseline 0.001 -13"><span class='ocrx_word' id='word_1_11' title='bbox 275 392 298 417; x_wconf 86' lang='lat' dir='ltr'>a</span> <span class='ocrx_word' id='word_1_12' title='bbox 326 378 481 416; x_wconf 87' lang='lat' dir='ltr'>famulis</span> <span class='ocrx_word' id='word_1_13' title='bbox 513 378 639 416; x_wconf 86' lang='lat' dir='ltr'><strong>Histri</strong></span> <span class='ocrx_word' id='word_1_14' title='bbox 668 378 734 428; x_wconf 86' lang='lat' dir='ltr'>qui</span> <span class='ocrx_word' id='word_1_15' title='bbox 764 378 835 417; x_wconf 89' lang='lat' dir='ltr'>tibi</span> <span class='ocrx_word' id='word_1_16' title='bbox 863 379 970 417; x_wconf 89' lang='lat' dir='ltr'>venit</span> <span class='ocrx_word' id='word_1_17' title='bbox 997 379 1121 429; x_wconf 85' lang='lat' dir='ltr'>aquis,</span> 
     </span>
    </p>
   </div>
   <div class='ocr_carea' id='block_1_4' title="bbox 223 443 1284 494">
    <p class='ocr_par' dir='ltr' id='par_1_4' title="bbox 223 443 1284 494">
     <span class='ocr_line' id='line_1_5' title="bbox 223 443 1284 494; baseline 0 -12"><span class='ocrx_word' id='word_1_18' title='bbox 223 446 346 483; x_wconf 83' lang='lat' dir='ltr'>laetus</span> <span class='ocrx_word' id='word_1_19' title='bbox 376 451 414 482; x_wconf 88' lang='lat' dir='ltr'>et</span> <span class='ocrx_word' id='word_1_20' title='bbox 442 443 631 482; x_wconf 83' lang='lat' dir='ltr'>attonitus</span> <span class='ocrx_word' id='word_1_21' title='bbox 661 443 744 482; x_wconf 88' lang='lat' dir='ltr'>viso</span> <span class='ocrx_word' id='word_1_22' title='bbox 775 445 896 482; x_wconf 89' lang='lat' dir='ltr'><strong>modo</strong></span> <span class='ocrx_word' id='word_1_23' title='bbox 926 444 1104 494; x_wconf 79' lang='lat' dir='ltr'>praeside</span> <span class='ocrx_word' id='word_1_24' title='bbox 1134 444 1284 491; x_wconf 84' lang='lat' dir='ltr'>mundi,</span> 
     </span>
    </p>
   </div>
   <div class='ocr_carea' id='block_1_5' title="bbox 275 508 1053 548">
    <p class='ocr_par' dir='ltr' id='par_1_5' title="bbox 275 508 1053 548">
     <span class='ocr_line' id='line_1_6' title="bbox 275 508 1053 548; baseline 0.001 -2"><span class='ocrx_word' id='word_1_25' title='bbox 275 510 430 547; x_wconf 79' lang='lat' dir='ltr'>adfatus</span> <span class='ocrx_word' id='word_1_26' title='bbox 460 508 623 547; x_wconf 81' lang='lat' dir='ltr'>comites</span> <span class='ocrx_word' id='word_1_27' title='bbox 653 508 796 547; x_wconf 89' lang='lat' dir='ltr'>dicitur</span> <span class='ocrx_word' id='word_1_28' title='bbox 824 523 909 547; x_wconf 86' lang='lat' dir='ltr'>esse</span> <span class='ocrx_word' id='word_1_29' title='bbox 938 523 1053 548; x_wconf 87' lang='lat' dir='ltr'>suos:</span> 
     </span>
    </p>
   </div>
   <div class='ocr_carea' id='block_1_6' title="bbox 225 574 1471 624">
    <p class='ocr_par' dir='ltr' id='par_1_6' title="bbox 225 574 1471 624">
     <span class='ocr_line' id='line_1_7' title="bbox 225 574 1471 624; baseline -0.001 -11"><span class='ocrx_word' id='word_1_30' title='bbox 225 575 340 613; x_wconf 81' lang='lat' dir='ltr'>‘Sors</span> <span class='ocrx_word' id='word_1_31' title='bbox 371 587 459 612; x_wconf 80' lang='lat' dir='ltr'>mea</span> <span class='ocrx_word' id='word_1_32' title='bbox 488 587 607 623; x_wconf 88' lang='lat' dir='ltr'>quam</span> <span class='ocrx_word' id='word_1_33' title='bbox 638 574 761 612; x_wconf 85' lang='lat' dir='ltr'>fratris</span> <span class='ocrx_word' id='word_1_34' title='bbox 792 574 940 620; x_wconf 88' lang='lat' dir='ltr'>melior,</span> <span class='ocrx_word' id='word_1_35' title='bbox 972 574 1035 612; x_wconf 91' lang='lat' dir='ltr'>cui</span> <span class='ocrx_word' id='word_1_36' title='bbox 1065 583 1145 612; x_wconf 84' lang='lat' dir='ltr'>tarn</span> <span class='ocrx_word' id='word_1_37' title='bbox 1174 588 1297 624; x_wconf 80' lang='lat' dir='ltr'>prope</span> <span class='ocrx_word' id='word_1_38' title='bbox 1326 576 1383 612; x_wconf 79' lang='lat' dir='ltr'>fas</span> <span class='ocrx_word' id='word_1_39' title='bbox 1413 581 1471 612; x_wconf 82' lang='lat' dir='ltr'>est</span> 
     </span>
    </p>
   </div>
   <div class='ocr_carea' id='block_1_7' title="bbox 277 639 1244 689">
    <p class='ocr_par' dir='ltr' id='par_1_7' title="bbox 277 639 1244 689">
     <span class='ocr_line' id='line_1_8' title="bbox 277 639 1244 689; baseline -0.001 -11"><span class='ocrx_word' id='word_1_40' title='bbox 277 653 445 685; x_wconf 84' lang='lat' dir='ltr'>cernere,</span> <span class='ocrx_word' id='word_1_41' title='bbox 478 646 557 677; x_wconf 86' lang='lat' dir='ltr'>tarn</span> <span class='ocrx_word' id='word_1_42' title='bbox 587 640 704 688; x_wconf 84' lang='lat' dir='ltr'>longe</span> <span class='ocrx_word' id='word_1_43' title='bbox 734 652 853 689; x_wconf 86' lang='lat' dir='ltr'>quem</span> <span class='ocrx_word' id='word_1_44' title='bbox 883 639 977 677; x_wconf 91' lang='lat' dir='ltr'>colit</span> <span class='ocrx_word' id='word_1_45' title='bbox 1006 639 1069 677; x_wconf 92' lang='lat' dir='ltr'>ille</span> <span class='ocrx_word' id='word_1_46' title='bbox 1099 641 1244 678; x_wconf 55' lang='lat' dir='ltr'>deum)</span> 
     </span>
    </p>
   </div>
   <div class='ocr_carea' id='block_1_8' title="bbox 225 717 1200 1155">
    <p class='ocr_par' dir='ltr' id='par_1_8' title="bbox 225 717 1200 1155">
     <span class='ocr_line' id='line_1_9' title="bbox 752 717 812 753; baseline -0.017 0"><span class='ocrx_word' id='word_1_47' title='bbox 752 717 812 753; x_wconf 90' lang='lat' dir='ltr'>IV</span> 
     </span>
     <span class='ocr_line' id='line_1_10' title="bbox 227 780 974 830; baseline -0.003 -10"><span class='ocrx_word' id='word_1_48' title='bbox 227 783 361 820; x_wconf 79' lang='lat' dir='ltr'>Fetere</span> <span class='ocrx_word' id='word_1_49' title='bbox 391 782 516 819; x_wconf 89' lang='lat' dir='ltr'>multo</span> <span class='ocrx_word' id='word_1_50' title='bbox 548 782 715 830; x_wconf 78' lang='lat' dir='ltr'>Myrtale</span> <span class='ocrx_word' id='word_1_51' title='bbox 744 782 843 819; x_wconf 86' lang='lat' dir='ltr'>solet</span> <span class='ocrx_word' id='word_1_52' title='bbox 872 780 974 827; x_wconf 85' lang='lat' dir='ltr'>vino,</span> 
     </span>
     <span class='ocr_line' id='line_1_11' title="bbox 225 845 1057 891; baseline -0.004 -6"><span class='ocrx_word' id='word_1_53' title='bbox 225 847 294 885; x_wconf 80' lang='lat' dir='ltr'>sed</span> <span class='ocrx_word' id='word_1_54' title='bbox 324 847 430 884; x_wconf 88' lang='lat' dir='ltr'>fallat</span> <span class='ocrx_word' id='word_1_55' title='bbox 461 853 502 883; x_wconf 90' lang='lat' dir='ltr'>ut</span> <span class='ocrx_word' id='word_1_56' title='bbox 532 859 615 891; x_wconf 65' lang='lat'>1108,</span> <span class='ocrx_word' id='word_1_57' title='bbox 648 845 741 883; x_wconf 84' lang='lat' dir='ltr'>folia</span> <span class='ocrx_word' id='word_1_58' title='bbox 770 846 932 884; x_wconf 83' lang='lat' dir='ltr'>devorat</span> <span class='ocrx_word' id='word_1_59' title='bbox 962 845 1057 883; x_wconf 84' lang='lat' dir='ltr'>lauri</span> 
     </span>
     <span class='ocr_line' id='line_1_12' title="bbox 225 910 1200 960; baseline -0.002 -11"><span class='ocrx_word' id='word_1_60' title='bbox 225 924 456 960; x_wconf 82' lang='lat' dir='ltr'>merumque</span> <span class='ocrx_word' id='word_1_61' title='bbox 485 918 600 949; x_wconf 87' lang='lat' dir='ltr'>cauta</span> <span class='ocrx_word' id='word_1_62' title='bbox 629 911 778 957; x_wconf 88' lang='lat' dir='ltr'>fronde,</span> <span class='ocrx_word' id='word_1_63' title='bbox 812 922 892 948; x_wconf 87' lang='lat' dir='ltr'>non</span> <span class='ocrx_word' id='word_1_64' title='bbox 921 924 1024 960; x_wconf 84' lang='lat' dir='ltr'>aqua</span> <span class='ocrx_word' id='word_1_65' title='bbox 1054 910 1200 949; x_wconf 80' lang='lat' dir='ltr'>miscet.</span> 
     </span>
     <span class='ocr_line' id='line_1_13' title="bbox 227 975 1138 1025; baseline -0.002 -11"><span class='ocrx_word' id='word_1_66' title='bbox 227 979 345 1015; x_wconf 87' lang='lat' dir='ltr'>Hanc</span> <span class='ocrx_word' id='word_1_67' title='bbox 375 984 416 1014; x_wconf 88' lang='lat' dir='ltr'>tu</span> <span class='ocrx_word' id='word_1_68' title='bbox 447 977 653 1014; x_wconf 87' lang='lat' dir='ltr'>rubentem</span> <span class='ocrx_word' id='word_1_69' title='bbox 684 975 999 1025; x_wconf 79' lang='lat' dir='ltr'>prominentibus</span> <span class='ocrx_word' id='word_1_70' title='bbox 1029 975 1138 1014; x_wconf 81' lang='lat' dir='ltr'>venis</span> 
     </span>
     <span class='ocr_line' id='line_1_14' title="bbox 225 1040 1093 1092; baseline -0.003 -12"><span class='ocrx_word' id='word_1_71' title='bbox 225 1041 408 1092; x_wconf 83' lang='lat' dir='ltr'>quotiens</span> <span class='ocrx_word' id='word_1_72' title='bbox 437 1041 579 1087; x_wconf 87' lang='lat' dir='ltr'>venire,</span> <span class='ocrx_word' id='word_1_73' title='bbox 613 1042 744 1087; x_wconf 88' lang='lat' dir='ltr'>Paule,</span> <span class='ocrx_word' id='word_1_74' title='bbox 776 1040 918 1078; x_wconf 87' lang='lat' dir='ltr'>videris</span> <span class='ocrx_word' id='word_1_75' title='bbox 948 1048 1093 1085; x_wconf 86' lang='lat' dir='ltr'>contra,</span> 
     </span>
     <span class='ocr_line' id='line_1_15' title="bbox 225 1105 1052 1155; baseline -0.004 -10"><span class='ocrx_word' id='word_1_76' title='bbox 225 1107 332 1145; x_wconf 84' lang='lat' dir='ltr'>dicas</span> <span class='ocrx_word' id='word_1_77' title='bbox 362 1106 495 1145; x_wconf 80' lang='lat' dir='ltr'>licebit</span> <span class='ocrx_word' id='word_1_78' title='bbox 527 1107 718 1155; x_wconf 81' lang='lat' dir='ltr'>‘Myrtale</span> <span class='ocrx_word' id='word_1_79' title='bbox 748 1105 847 1144; x_wconf 86' lang='lat' dir='ltr'>bibit</span> <span class='ocrx_word' id='word_1_80' title='bbox 876 1107 1052 1143; x_wconf 55' lang='lat' dir='ltr'>laurum?</span> 
     </span>
    </p>
   </div>
   <div class='ocr_carea' id='block_1_9' title="bbox 764 1184 800 1218">
    <p class='ocr_par' dir='ltr' id='par_1_9' title="bbox 764 1184 800 1218">
     <span class='ocr_line' id='line_1_16' title="bbox 764 1184 800 1218; baseline 0 0"><span class='ocrx_word' id='word_1_81' title='bbox 764 1184 800 1218; x_wconf 90' lang='lat' dir='ltr'>V</span> 
     </span>
    </p>
   </div>
   <div class='ocr_carea' id='block_1_10' title="bbox 227 1251 1246 1563">
    <p class='ocr_par' dir='ltr' id='par_1_10' title="bbox 227 1251 1185 1368">
     <span class='ocr_line' id='line_1_17' title="bbox 227 1251 1185 1300; baseline -0.001 -8"><span class='ocrx_word' id='word_1_82' title='bbox 227 1255 352 1300; x_wconf 78' lang='lat' dir='ltr'>Sexte,</span> <span class='ocrx_word' id='word_1_83' title='bbox 385 1253 585 1291; x_wconf 76' lang='lat' dir='ltr'>Palatinae</span> <span class='ocrx_word' id='word_1_84' title='bbox 614 1254 740 1291; x_wconf 90' lang='lat' dir='ltr'>cultor</span> <span class='ocrx_word' id='word_1_85' title='bbox 769 1253 938 1291; x_wconf 75' lang='lat' dir='ltr'><strong>facunde</strong></span> <span class='ocrx_word' id='word_1_86' title='bbox 970 1251 1185 1299; x_wconf 76' lang='lat' dir='ltr'>Minervae,</span> 
     </span>
     <span class='ocr_line' id='line_1_18' title="bbox 281 1317 1059 1368; baseline -0.001 -12"><span class='ocrx_word' id='word_1_87' title='bbox 281 1318 438 1368; x_wconf 78' lang='lat' dir='ltr'>ingenio</span> <span class='ocrx_word' id='word_1_88' title='bbox 468 1318 603 1356; x_wconf 85' lang='lat' dir='ltr'>frueris</span> <span class='ocrx_word' id='word_1_89' title='bbox 633 1318 698 1368; x_wconf 86' lang='lat' dir='ltr'>qui</span> <span class='ocrx_word' id='word_1_90' title='bbox 730 1317 911 1368; x_wconf 82' lang='lat' dir='ltr'>propiore</span> <span class='ocrx_word' id='word_1_91' title='bbox 941 1317 1059 1356; x_wconf 92' lang='lat' dir='ltr'>dei—</span> 
     </span>
    </p>

    <p class='ocr_par' dir='ltr' id='par_1_11' title="bbox 228 1382 1246 1498">
     <span class='ocr_line' id='line_1_19' title="bbox 228 1382 1246 1432; baseline -0.001 -11"><span class='ocrx_word' id='word_1_92' title='bbox 228 1397 317 1422; x_wconf 85' lang='lat' dir='ltr'>nam</span> <span class='ocrx_word' id='word_1_93' title='bbox 349 1383 418 1421; x_wconf 88' lang='lat' dir='ltr'>tibi</span> <span class='ocrx_word' id='word_1_94' title='bbox 450 1391 655 1422; x_wconf 75' lang='lat' dir='ltr'>nascentes</span> <span class='ocrx_word' id='word_1_95' title='bbox 685 1382 838 1421; x_wconf 85' lang='lat' dir='ltr'>domini</span> <span class='ocrx_word' id='word_1_96' title='bbox 867 1395 1106 1432; x_wconf 75' lang='lat' dir='ltr'><strong>cognoscere</strong></span> <span class='ocrx_word' id='word_1_97' title='bbox 1135 1395 1246 1420; x_wconf 85' lang='lat' dir='ltr'>curas</span> 
     </span>
     <span class='ocr_line' id='line_1_20' title="bbox 281 1447 1166 1498; baseline -0.002 -11"><span class='ocrx_word' id='word_1_98' title='bbox 281 1457 319 1487; x_wconf 90' lang='lat' dir='ltr'>et</span> <span class='ocrx_word' id='word_1_99' title='bbox 348 1457 495 1487; x_wconf 83' lang='lat' dir='ltr'>secreta</span> <span class='ocrx_word' id='word_1_100' title='bbox 525 1448 636 1487; x_wconf 85' lang='lat' dir='ltr'>ducis</span> <span class='ocrx_word' id='word_1_101' title='bbox 666 1456 825 1498; x_wconf 76' lang='lat' dir='ltr'><strong>pectora</strong></span> <span class='ocrx_word' id='word_1_102' title='bbox 854 1462 970 1486; x_wconf 75' lang='lat' dir='ltr'>nosse</span> <span class='ocrx_word' id='word_1_103' title='bbox 1000 1447 1166 1486; x_wconf 85' lang='lat' dir='ltr'>licet—-z</span> 
     </span>
    </p>

    <p class='ocr_par' dir='ltr' id='par_1_12' title="bbox 228 1513 1232 1563">
     <span class='ocr_line' id='line_1_21' title="bbox 228 1513 1232 1563; baseline -0.002 -11"><span class='ocrx_word' id='word_1_104' title='bbox 228 1514 275 1552; x_wconf 71' lang='lat' dir='ltr'>sit</span> <span class='ocrx_word' id='word_1_105' title='bbox 306 1516 415 1552; x_wconf 88' lang='lat' dir='ltr'>locus</span> <span class='ocrx_word' id='word_1_106' title='bbox 445 1522 482 1552; x_wconf 88' lang='lat' dir='ltr'>et</span> <span class='ocrx_word' id='word_1_107' title='bbox 512 1514 654 1552; x_wconf 89' lang='lat' dir='ltr'>nostris</span> <span class='ocrx_word' id='word_1_108' title='bbox 683 1514 814 1563; x_wconf 85' lang='lat' dir='ltr'>aliqua</span> <span class='ocrx_word' id='word_1_109' title='bbox 843 1513 912 1551; x_wconf 88' lang='lat' dir='ltr'>tibi</span> <span class='ocrx_word' id='word_1_110' title='bbox 944 1522 1051 1563; x_wconf 86' lang='lat' dir='ltr'>parte</span> <span class='ocrx_word' id='word_1_111' title='bbox 1081 1513 1232 1560; x_wconf 77' lang='lat' dir='ltr'>libellis,</span> 
     </span>
    </p>
   </div>
   <div class='ocr_carea' id='block_1_11' title="bbox 282 1578 1312 1629">
    <p class='ocr_par' dir='ltr' id='par_1_13' title="bbox 282 1578 1312 1629">
     <span class='ocr_line' id='line_1_22' title="bbox 282 1578 1312 1629; baseline -0.002 -12"><span class='ocrx_word' id='word_1_112' title='bbox 282 1593 360 1629; x_wconf 75' lang='lat' dir='ltr'>qua</span> <span class='ocrx_word' id='word_1_113' title='bbox 391 1580 510 1625; x_wconf 84' lang='lat' dir='ltr'>Pedo,</span> <span class='ocrx_word' id='word_1_114' title='bbox 543 1593 620 1629; x_wconf 84' lang='lat' dir='ltr'>qua</span> <span class='ocrx_word' id='word_1_115' title='bbox 651 1581 806 1617; x_wconf 84' lang='lat' dir='ltr'>Marsus</span> <span class='ocrx_word' id='word_1_116' title='bbox 837 1592 994 1628; x_wconf 78' lang='lat' dir='ltr'>quaque</span> <span class='ocrx_word' id='word_1_117' title='bbox 1024 1579 1202 1617; x_wconf 75' lang='lat' dir='ltr'>Catullus</span> <span class='ocrx_word' id='word_1_118' title='bbox 1232 1578 1312 1616; x_wconf 86' lang='lat' dir='ltr'>erit.</span> 
     </span>
    </p>
   </div>
   <div class='ocr_carea' id='block_1_12' title="bbox 228 1643 1216 2229">
    <p class='ocr_par' dir='ltr' id='par_1_14' title="bbox 228 1643 1164 1822">
     <span class='ocr_line' id='line_1_23' title="bbox 228 1643 1060 1694; baseline -0.002 -11"><span class='ocrx_word' id='word_1_119' title='bbox 228 1646 278 1683; x_wconf 84' lang='lat' dir='ltr'>ad</span> <span class='ocrx_word' id='word_1_120' title='bbox 310 1644 522 1694; x_wconf 80' lang='lat' dir='ltr'>Capitolini</span> <span class='ocrx_word' id='word_1_121' title='bbox 553 1644 736 1682; x_wconf 82' lang='lat' dir='ltr'>caelestia</span> <span class='ocrx_word' id='word_1_122' title='bbox 765 1643 939 1682; x_wconf 87' lang='lat' dir='ltr'>carmina</span> <span class='ocrx_word' id='word_1_123' title='bbox 968 1643 1060 1681; x_wconf 87' lang='lat' dir='ltr'>belli</span> 
     </span>
     <span class='ocr_line' id='line_1_24' title="bbox 282 1708 1164 1759; baseline -0.002 -12"><span class='ocrx_word' id='word_1_124' title='bbox 282 1710 429 1759; x_wconf 74' lang='lat' dir='ltr'>grande</span> <span class='ocrx_word' id='word_1_125' title='bbox 459 1709 680 1747; x_wconf 82' lang='lat' dir='ltr'>cothurnati</span> <span class='ocrx_word' id='word_1_126' title='bbox 711 1722 815 1758; x_wconf 83' lang='lat' dir='ltr'>pone</span> <span class='ocrx_word' id='word_1_127' title='bbox 847 1708 1024 1746; x_wconf 88' lang='lat' dir='ltr'>Maronis</span> <span class='ocrx_word' id='word_1_128' title='bbox 1055 1721 1164 1757; x_wconf 85' lang='lat' dir='ltr'>opus.</span> 
     </span>
     <span class='ocr_line' id='line_1_25' title="bbox 755 1786 813 1822; baseline 0.017 -1"><span class='ocrx_word' id='word_1_129' title='bbox 755 1786 813 1822; x_wconf 65' lang='lat' dir='ltr'>VI</span> 
     </span>
    </p>

    <p class='ocr_par' dir='ltr' id='par_1_15' title="bbox 338 1853 1216 2229">
     <span class='ocr_line' id='line_1_26' title="bbox 338 1853 1216 1905; baseline -0.003 -11"><span class='ocrx_word' id='word_1_130' title='bbox 338 1855 377 1894; x_wconf 84' lang='lat' dir='ltr'>Si</span> <span class='ocrx_word' id='word_1_131' title='bbox 408 1869 488 1893; x_wconf 88' lang='lat' dir='ltr'>non</span> <span class='ocrx_word' id='word_1_132' title='bbox 518 1863 575 1894; x_wconf 85' lang='lat' dir='ltr'>est</span> <span class='ocrx_word' id='word_1_133' title='bbox 603 1868 718 1905; x_wconf 82' lang='lat' dir='ltr'>grave</span> <span class='ocrx_word' id='word_1_134' title='bbox 747 1867 821 1892; x_wconf 88' lang='lat' dir='ltr'>nec</span> <span class='ocrx_word' id='word_1_135' title='bbox 849 1853 965 1891; x_wconf 88' lang='lat' dir='ltr'>nimis</span> <span class='ocrx_word' id='word_1_136' title='bbox 996 1855 1216 1897; x_wconf 81' lang='lat' dir='ltr'>molestum,</span> 
     </span>
     <span class='ocr_line' id='line_1_27' title="bbox 341 1920 1170 1968; baseline -0.002 -10"><span class='ocrx_word' id='word_1_137' title='bbox 341 1922 494 1967; x_wconf 81' lang='lat' dir='ltr'>Musae,</span> <span class='ocrx_word' id='word_1_138' title='bbox 527 1920 782 1958; x_wconf 84' lang='lat' dir='ltr'>Parthenium</span> <span class='ocrx_word' id='word_1_139' title='bbox 813 1927 945 1968; x_wconf 79' lang='lat' dir='ltr'>rogate</span> <span class='ocrx_word' id='word_1_140' title='bbox 975 1927 1170 1957; x_wconf 80' lang='lat' dir='ltr'>vestrum:</span> 
     </span>
     <span class='ocr_line' id='line_1_28' title="bbox 339 1985 1056 2034; baseline -0.003 -11"><span class='ocrx_word' id='word_1_141' title='bbox 339 1985 394 2023; x_wconf 89' lang='lat' dir='ltr'>sic</span> <span class='ocrx_word' id='word_1_142' title='bbox 424 1993 462 2023; x_wconf 86' lang='lat' dir='ltr'>te</span> <span class='ocrx_word' id='word_1_143' title='bbox 492 1985 612 2023; x_wconf 87' lang='lat' dir='ltr'>serior</span> <span class='ocrx_word' id='word_1_144' title='bbox 641 1993 678 2023; x_wconf 90' lang='lat' dir='ltr'>et</span> <span class='ocrx_word' id='word_1_145' title='bbox 710 1985 824 2023; x_wconf 85' lang='lat' dir='ltr'>beata</span> <span class='ocrx_word' id='word_1_146' title='bbox 853 1985 1056 2034; x_wconf 85' lang='lat' dir='ltr'>quondam</span> 
     </span>
     <span class='ocr_line' id='line_1_29' title="bbox 339 2051 993 2090; baseline -0.002 -1"><span class='ocrx_word' id='word_1_147' title='bbox 339 2053 446 2089; x_wconf 82' lang='lat' dir='ltr'>salvo</span> <span class='ocrx_word' id='word_1_148' title='bbox 478 2053 645 2090; x_wconf 78' lang='lat' dir='ltr'>Caesare</span> <span class='ocrx_word' id='word_1_149' title='bbox 674 2051 783 2089; x_wconf 88' lang='lat' dir='ltr'>finiat</span> <span class='ocrx_word' id='word_1_150' title='bbox 813 2058 993 2088; x_wconf 84' lang='lat' dir='ltr'>senectus</span> 
     </span>
     <span class='ocr_line' id='line_1_30' title="bbox 340 2115 945 2161; baseline 0 -8"><span class='ocrx_word' id='word_1_151' title='bbox 340 2124 378 2154; x_wconf 86' lang='lat' dir='ltr'>et</span> <span class='ocrx_word' id='word_1_152' title='bbox 407 2116 458 2153; x_wconf 87' lang='lat' dir='ltr'>sis</span> <span class='ocrx_word' id='word_1_153' title='bbox 487 2116 634 2154; x_wconf 82' lang='lat' dir='ltr'>invidia</span> <span class='ocrx_word' id='word_1_154' title='bbox 662 2117 815 2154; x_wconf 88' lang='lat' dir='ltr'>favente</span> <span class='ocrx_word' id='word_1_155' title='bbox 844 2115 945 2161; x_wconf 79' lang='lat' dir='ltr'>felix,</span> 
     </span>
     <span class='ocr_line' id='line_1_31' title="bbox 340 2181 1104 2229; baseline -0.003 -11"><span class='ocrx_word' id='word_1_156' title='bbox 340 2181 395 2218; x_wconf 84' lang='lat' dir='ltr'>sic</span> <span class='ocrx_word' id='word_1_157' title='bbox 428 2184 571 2219; x_wconf 79' lang='lat' dir='ltr'>Burrus</span> <span class='ocrx_word' id='word_1_158' title='bbox 601 2181 679 2219; x_wconf 91' lang='lat' dir='ltr'>cito</span> <span class='ocrx_word' id='word_1_159' title='bbox 709 2181 850 2219; x_wconf 86' lang='lat' dir='ltr'>sentiat</span> <span class='ocrx_word' id='word_1_160' title='bbox 879 2187 1104 2229; x_wconf 85' lang='lat' dir='ltr'>parentem:</span> 
     </span>
    </p>
   </div>
   <div class='ocr_carea' id='block_1_13' title="bbox 278 2281 1387 2324">
    <p class='ocr_par' dir='ltr' id='par_1_16' title="bbox 278 2281 1387 2324">
     <span class='ocr_line' id='line_1_32' title="bbox 278 2281 1387 2324; baseline -0.002 -11"><span class='ocrx_word' id='word_1_161' title='bbox 278 2283 326 2314; x_wconf 86' lang='lat'>111</span> <span class='ocrx_word' id='word_1_162' title='bbox 357 2294 369 2314; x_wconf 90' lang='lat'>1</span> <span class='ocrx_word' id='word_1_163' title='bbox 398 2283 516 2322; x_wconf 80' lang='lat' dir='ltr'>Diegis</span> <span class='ocrx_word' id='word_1_164' title='bbox 535 2285 573 2324; x_wconf 44' lang='lat' dir='ltr'>(ll</span> <span class='ocrx_word' id='word_1_165' title='bbox 595 2283 713 2314; x_wconf 75' lang='lat' dir='ltr'>Gslbert</span> <span class='ocrx_word' id='word_1_166' title='bbox 729 2283 903 2322; x_wconf 34' lang='lat' dir='ltr'>(disyllaba</span> <span class='ocrx_word' id='word_1_167' title='bbox 1038 2283 1059 2311; x_wconf 88' lang='grc'>6</span> <span class='ocrx_word' id='word_1_168' title='bbox 1081 2281 1199 2322; x_wconf 82' lang='lat' dir='ltr'>quem]</span> <span class='ocrx_word' id='word_1_169' title='bbox 1218 2291 1316 2321; x_wconf 86' lang='lat' dir='ltr'>quam</span> <span class='ocrx_word' id='word_1_170' title='bbox 1333 2282 1387 2312; x_wconf 57' lang='lat' dir='ltr'>BA</span> 
     </span>
    </p>
   </div>
   <div class='ocr_carea' id='block_1_14' title="bbox 276 2325 1193 2452">
    <p class='ocr_par' dir='ltr' id='par_1_17' title="bbox 276 2325 1193 2452">
     <span class='ocr_line' id='line_1_33' title="bbox 280 2325 1193 2367; baseline -0.002 -11"><span class='ocrx_word' id='word_1_171' title='bbox 280 2327 325 2357; x_wconf 86' lang='lat' dir='ltr'>IV</span> <span class='ocrx_word' id='word_1_172' title='bbox 354 2337 365 2356; x_wconf 82' lang='lat'>1</span> <span class='ocrx_word' id='word_1_173' title='bbox 393 2328 536 2367; x_wconf 83' lang='lat' dir='ltr'>myrtalc</span> <span class='ocrx_word' id='word_1_174' title='bbox 555 2328 606 2357; x_wconf 76' lang='lat' dir='ltr'>BA</span> <span class='ocrx_word' id='word_1_175' title='bbox 622 2339 628 2357; x_wconf 80' lang='lat'>2</span> <span class='ocrx_word' id='word_1_176' title='bbox 653 2328 782 2358; x_wconf 84' lang='lat' dir='ltr'>tuccius</span> <span class='ocrx_word' id='word_1_177' title='bbox 801 2327 848 2357; x_wconf 69' lang='lat' dir='ltr'>CA</span> <span class='ocrx_word' id='word_1_178' title='bbox 868 2326 937 2364; x_wconf 33' lang='lat' dir='ltr'>ised</span> <span class='ocrx_word' id='word_1_179' title='bbox 950 2336 976 2356; x_wconf 84' lang='lat' dir='ltr'>v.</span> <span class='ocrx_word' id='word_1_180' title='bbox 999 2327 1019 2355; x_wconf 87' lang='lat'><strong>6</strong></span> <span class='ocrx_word' id='word_1_181' title='bbox 1037 2325 1193 2363; x_wconf 55' lang='lat' dir='ltr'>myrtale)</span> 
     </span>
     <span class='ocr_line' id='line_1_34' title="bbox 276 2369 1145 2410; baseline -0.003 -9"><span class='ocrx_word' id='word_1_182' title='bbox 276 2371 306 2401; x_wconf 83' lang='lat' dir='ltr'>V</span> <span class='ocrx_word' id='word_1_183' title='bbox 330 2381 348 2400; x_wconf 82' lang='lat'>2</span> <span class='ocrx_word' id='word_1_184' title='bbox 373 2371 476 2401; x_wconf 81' lang='lat' dir='ltr'>fueris</span> <span class='ocrx_word' id='word_1_185' title='bbox 495 2374 531 2400; x_wconf 82' lang='lat' dir='ltr'>ut</span> <span class='ocrx_word' id='word_1_186' title='bbox 546 2371 609 2402; x_wconf 71' lang='lat' dir='ltr'><em>vid.</em></span> <span class='ocrx_word' id='word_1_187' title='bbox 625 2371 679 2400; x_wconf 69' lang='grc' dir='ltr'>ΒΑ</span> <span class='ocrx_word' id='word_1_188' title='bbox 814 2380 833 2408; x_wconf 89' lang='lat'><strong>5</strong></span> <span class='ocrx_word' id='word_1_189' title='bbox 858 2370 968 2410; x_wconf 84' lang='lat' dir='ltr'>locus]</span> <span class='ocrx_word' id='word_1_190' title='bbox 987 2369 1080 2399; x_wconf 83' lang='lat' dir='ltr'>solus</span> <span class='ocrx_word' id='word_1_191' title='bbox 1099 2369 1145 2399; x_wconf 63' lang='lat' dir='ltr'>CA</span> 
     </span>
     <span class='ocr_line' id='line_1_35' title="bbox 278 2414 698 2452; baseline -0.002 -8"><span class='ocrx_word' id='word_1_192' title='bbox 278 2414 321 2444; x_wconf 84' lang='lat' dir='ltr'>VI</span> <span class='ocrx_word' id='word_1_193' title='bbox 348 2423 366 2452; x_wconf 88' lang='lat'>5</span> <span class='ocrx_word' id='word_1_194' title='bbox 392 2415 521 2445; x_wconf 82' lang='lat' dir='ltr'>fatente</span> <span class='ocrx_word' id='word_1_195' title='bbox 539 2414 698 2444; x_wconf 74' lang='lat' dir='ltr'>Heinsius</span> 
     </span>
    </p>
   </div>
   <div class='ocr_carea' id='block_1_15' title="bbox 1281 2367 1516 2407">
    <p class='ocr_par' dir='ltr' id='par_1_18' title="bbox 1281 2367 1516 2407">
     <span class='ocr_line' id='line_1_36' title="bbox 1281 2367 1516 2407; baseline 0 -9"><span class='ocrx_word' id='word_1_196' title='bbox 1281 2378 1297 2407; x_wconf 90' lang='lat'>7</span> <span class='ocrx_word' id='word_1_197' title='bbox 1322 2369 1364 2399; x_wconf 86' lang='lat' dir='ltr'>ad</span> <span class='ocrx_word' id='word_1_198' title='bbox 1382 2378 1445 2398; x_wconf 84' lang='lat' dir='ltr'>om.</span> <span class='ocrx_word' id='word_1_199' title='bbox 1469 2367 1516 2398; x_wconf 74' lang='lat' dir='ltr'>CA</span> 
     </span>
    </p>
   </div>
   <div class='ocr_carea' id='block_1_16' title="bbox 1534 590 1551 620">
    <p class='ocr_par' dir='ltr' id='par_1_19' title="bbox 1534 590 1551 620">
     <span class='ocr_line' id='line_1_37' title="bbox 1534 590 1551 620; baseline 0 0"><span class='ocrx_word' id='word_1_200' title='bbox 1534 590 1551 620; x_wconf 73' lang='lat'><em>5</em></span> 
     </span>
    </p>
   </div>
  </div>
 </body>
</html>
