1684 2715
820 137 1288 178 EPIGRAMMATON
1322 141 1423 178 LIB.
1459 141 1475 178 1

592 248 809 284 LXXXIV

138 325 309 361 onrem
341 323 566 361 habendam
599 336 679 361 non
710 330 821 373 putat
852 324 1076 374 Quirinalis,

139 402 228 426 eum
259 387 351 426 velit
381 388 526 426 habere
556 388 667 436 filios,
700 397 739 427 et
768 389 917 428 invenit

139 467 218 504 quo
248 453 372 504 possit
402 453 507 492 istud
538 467 669 493 more:
709 455 825 493 futuit
855 455 1016 494 ancillas

139 521 386 570 domumque
415 526 453 558 et
481 533 594 569 agros
624 519 761 570 implet
791 521 990 571 equitibus
1020 522 1157 560 vernis.

142 587 256 642 Pater
285 584 454 634 familiae
483 599 596 624 verus
627 593 685 624 est
716 586 941 636 Quirinalis.
1459 606 1476 635 5

610 698 801 735 LXXXV

141 773 342 810 Venderet
372 773 547 824 excultos
577 775 697 812 eolles
727 787 818 812 cum
850 788 992 824 praeco
1022 776 1171 813 facetus

193 847 312 888 atque
343 838 559 877 suburbani
588 838 721 890 iugera
750 842 913 890 pulchra
942 840 1025 888 soli,

144 905 299 942 ‘Errat'
328 904 381 942 ait
414 904 467 942 ‘si
497 904 584 954 quis
616 904 745 943 Mario
776 912 887 955 putat
917 918 1002 943 esse
1032 919 1194 943 necesse

194 971 391 1008 vendere:
431 969 485 1006 nil
515 970 646 1016 debet,
677 970 826 1008 fenerat
855 969 979 1008 immo
1009 970 1154 1019 magis)

143 1036 280 1083 ‘Quae
309 1034 407 1072 ratio
437 1041 495 1072 est
525 1034 692 1084 igitur?'
734 1036 897 1072 ‘Servos
926 1034 981 1072 ibi
1010 1035 1183 1084 perdidit
1213 1048 1352 1073 onmes
1461 1051 1477 1081 5

195 1106 232 1137 et
261 1112 383 1149 pecus
414 1106 451 1137 et
481 1100 640 1146 fructus,
673 1112 754 1137 non
784 1106 890 1137 amat
919 1099 1012 1138 inde
1043 1101 1200 1138 locurn.'

143 1164 242 1213 Quis
272 1166 416 1203 faceret
446 1164 615 1214 pretium
647 1164 721 1203 nisi
751 1164 819 1214 qui
849 1178 919 1203 sua
948 1166 1114 1215 perdere
1145 1167 1262 1203 vellet

196 1229 359 1268 onmia?
398 1229 460 1267 Sic
493 1229 622 1268 Mario
652 1229 792 1268 noxius
822 1231 956 1268 haeret
985 1243 1088 1280 ager.

547 1342 761 1379 LXXXVI

250 1417 415 1456 Vicinus
446 1431 557 1455 meus
587 1425 645 1455 est
676 1431 876 1467 manuque
906 1417 1012 1467 tangi

250 1484 301 1521 (16
330 1482 472 1521 nostris
503 1482 656 1520 Novius
686 1490 816 1532 potest
845 1482 1035 1520 fenestris.

250 1548 338 1598 quis
368 1561 449 1586 non
480 1547 654 1586 invideat
684 1547 781 1585 mihi
810 1555 1002 1597 putetque

251 1613 356 1652 horis
386 1613 572 1651 omnibus
602 1627 687 1651 esse
718 1627 781 1651 me
811 1614 983 1659 beatum,

250 1680 386 1718 iuncto
416 1679 479 1718 cui
509 1679 624 1717 liceat
654 1679 728 1717 frui
758 1680 927 1717 sodale?
1462 1695 1479 1725 5

251 1747 351 1783 Tam
382 1747 499 1794 longe
529 1752 586 1783 est
618 1744 714 1782 mihi
744 1758 863 1794 quani
894 1743 1168 1790 Terentianus,

251 1811 319 1861 qui
350 1824 456 1848 nunc
487 1810 683 1848 Niliacam
714 1809 811 1860 regit
840 1811 1008 1859 Syenen.

251 1889 331 1913 non
363 1875 580 1922 convivere,
613 1888 687 1913 nec
716 1874 849 1914 videre
879 1876 1029 1921 saltem,

252 1955 332 1979 non
362 1940 499 1979 audire
530 1941 632 1988 licet,
664 1954 738 1979 nec
768 1941 865 1979 urbe
895 1948 978 1978 tota

252 2006 461 2056 quisquam
493 2013 550 2044 est
580 2014 659 2043 tarn
690 2019 813 2056 prope
843 2013 923 2043 tani
954 2006 1171 2054 proculque
1203 2003 1328 2042 nobis.
1449 2019 1483 2039 10

254 2072 508 2122 Migrandum
540 2080 598 2110 est
628 2071 724 2109 mihi
755 2071 910 2121 longius
939 2072 999 2109 vel
1030 2070 1083 2108 illi

251 2137 402 2176 vicinus
432 2137 564 2176 Novio
594 2139 653 2175 vel
684 2137 900 2187 inquilinus

252 2203 312 2250 sit,
344 2203 375 2241 si
405 2202 699 2252 quis-Novium
730 2202 862 2241 videre
892 2215 972 2240 non
1003 2202 1094 2239 volt.

191 2307 374 2337 LXXXIV
397 2307 609 2346 5—LXXXV
632 2318 651 2345 4
668 2317 734 2338 om.
751 2306 804 2336 CA
821 2305 911 2336 mdlo
927 2305 1094 2336 intervallo
1111 2303 1212 2334 relt'clo

190 2351 371 2381 LXXXVI
388 2351 461 2381 hal).
485 2351 514 2381 T
591 2359 610 2389 5
632 2351 714 2391 frui]
733 2350 807 2388 frigi
827 2350 856 2380 T
934 2360 950 2388 7
970 2349 1054 2389 Ni1.]
1075 2349 1204 2378 iliacam
1217 2346 1293 2376 BA:
1317 2345 1479 2375 miliacam

149 2394 197 2423 CA
306 2397 326 2425 8
350 2405 413 2425 nec
432 2405 463 2426 u.
482 2394 618 2424 AACA:
642 2404 709 2424 non
728 2405 759 2424 u.
778 2394 833 2423 ΒΑ
957 2403 994 2422 12
1018 2391 1086 2432 vel]
1105 2396 1141 2421 ut
1160 2392 1214 2420 BA
1232 2395 1307 2430 ipro
1324 2389 1391 2419 vel&

1353 2443 1393 2473 3*
