<?xml version="1.0" encoding="UTF-8"?>
<!DOCTYPE html PUBLIC "-//W3C//DTD XHTML 1.0 Transitional//EN"
    "http://www.w3.org/TR/xhtml1/DTD/xhtml1-transitional.dtd">
<html xmlns="http://www.w3.org/1999/xhtml" xml:lang="en" lang="en">
 <head>
  <title>
</title>
<meta http-equiv="Content-Type" content="text/html;charset=utf-8" />
  <meta name='ocr-system' content='tesseract 3.04.00' />
  <meta name='ocr-capabilities' content='ocr_page ocr_carea ocr_par ocr_line ocrx_word'/>
</head>
<body>
  <div class='ocr_page' id='page_1' title='image "./epigrammatarecog00martuoft/epigrammatarecog00martuoft_0475.png"; bbox 0 0 1684 2763; ppageno 0'>
   <div class='ocr_carea' id='block_1_1' title="bbox 538 155 1224 199">
    <p class='ocr_par' dir='ltr' id='par_1_1' title="bbox 538 155 1224 199">
     <span class='ocr_line' id='line_1_1' title="bbox 538 155 1224 199; baseline 0.012 -8"><span class='ocrx_word' id='word_1_1' title='bbox 538 155 717 192; x_wconf 81' lang='lat' dir='ltr'>INDEX</span> <span class='ocrx_word' id='word_1_2' title='bbox 759 157 1224 199; x_wconf 69' lang='lat' dir='ltr'>EPIGRAixfflATON</span> 
     </span>
    </p>
   </div>
   <div class='ocr_carea' id='block_1_2' title="bbox 268 261 1446 2226">
    <p class='ocr_par' dir='ltr' id='par_1_2' title="bbox 277 261 1235 307">
     <span class='ocr_line' id='line_1_2' title="bbox 277 261 1235 307; baseline 0.007 -15"><span class='ocrx_word' id='word_1_3' title='bbox 277 261 347 292; x_wconf 88' lang='lat' dir='ltr'>Ede</span> <span class='ocrx_word' id='word_1_4' title='bbox 365 267 441 294; x_wconf 90' lang='lat' dir='ltr'>tuos</span> <span class='ocrx_word' id='word_1_5' title='bbox 458 265 593 294; x_wconf 86' lang='lat' dir='ltr'>tandem</span> <span class='ocrx_word' id='word_1_6' title='bbox 612 265 748 305; x_wconf 87' lang='lat' dir='ltr'>populo,</span> <span class='ocrx_word' id='word_1_7' title='bbox 771 265 940 302; x_wconf 75' lang='lat' dir='ltr'>Faustino,</span> <span class='ocrx_word' id='word_1_8' title='bbox 962 268 1095 298; x_wconf 83' lang='lat' dir='ltr'>libellos</span> <span class='ocrx_word' id='word_1_9' title='bbox 1143 269 1168 303; x_wconf 80' lang='grc' dir='ltr'>Ι,</span> <span class='ocrx_word' id='word_1_10' title='bbox 1187 280 1235 307; x_wconf 74' lang='lat'>25.</span> 
     </span>
    </p>

    <p class='ocr_par' dir='ltr' id='par_1_3' title="bbox 277 306 1253 393">
     <span class='ocr_line' id='line_1_3' title="bbox 277 306 1253 351; baseline 0.008 -15"><span class='ocrx_word' id='word_1_11' title='bbox 277 306 387 336; x_wconf 89' lang='lat' dir='ltr'>Edere</span> <span class='ocrx_word' id='word_1_12' title='bbox 406 307 549 337; x_wconf 82' lang='lat' dir='ltr'>lascivos</span> <span class='ocrx_word' id='word_1_13' title='bbox 566 310 605 338; x_wconf 89' lang='lat' dir='ltr'>ad</span> <span class='ocrx_word' id='word_1_14' title='bbox 625 308 763 339; x_wconf 80' lang='lat' dir='ltr'>Baetica</span> <span class='ocrx_word' id='word_1_15' title='bbox 781 319 946 340; x_wconf 72' lang='lat' dir='ltr'>crusmata</span> <span class='ocrx_word' id='word_1_16' title='bbox 966 317 1080 347; x_wconf 53' lang='lat' dir='ltr'>gestus</span> <span class='ocrx_word' id='word_1_17' title='bbox 1128 313 1183 351; x_wconf 86' lang='lat' dir='ltr'>VI,</span> <span class='ocrx_word' id='word_1_18' title='bbox 1205 325 1253 351; x_wconf 88' lang='lat'>71.</span> 
     </span>
     <span class='ocr_line' id='line_1_4' title="bbox 277 350 974 393; baseline 0.006 -14"><span class='ocrx_word' id='word_1_19' title='bbox 277 350 430 380; x_wconf 84' lang='lat' dir='ltr'>Edictum</span> <span class='ocrx_word' id='word_1_20' title='bbox 449 351 573 380; x_wconf 88' lang='lat' dir='ltr'>domini</span> <span class='ocrx_word' id='word_1_21' title='bbox 591 352 713 390; x_wconf 79' lang='lat' dir='ltr'>deique</span> <span class='ocrx_word' id='word_1_22' title='bbox 733 354 838 383; x_wconf 85' lang='lat' dir='ltr'>nostri</span> <span class='ocrx_word' id='word_1_23' title='bbox 886 354 925 393; x_wconf 88' lang='lat' dir='ltr'>V,</span> <span class='ocrx_word' id='word_1_24' title='bbox 944 356 974 384; x_wconf 87' lang='lat'>8.</span> 
     </span>
    </p>

    <p class='ocr_par' dir='ltr' id='par_1_4' title="bbox 275 393 1221 438">
     <span class='ocr_line' id='line_1_5' title="bbox 275 393 1221 438; baseline 0.008 -16"><span class='ocrx_word' id='word_1_25' title='bbox 275 393 374 423; x_wconf 83' lang='lat' dir='ltr'>Edita</span> <span class='ocrx_word' id='word_1_26' title='bbox 393 404 435 423; x_wconf 83' lang='lat' dir='ltr'>ne</span> <span class='ocrx_word' id='word_1_27' title='bbox 453 394 607 424; x_wconf 85' lang='lat' dir='ltr'>brevibus</span> <span class='ocrx_word' id='word_1_28' title='bbox 624 401 741 435; x_wconf 82' lang='lat' dir='ltr'>percat</span> <span class='ocrx_word' id='word_1_29' title='bbox 760 397 840 426; x_wconf 90' lang='lat' dir='ltr'>mihi</span> <span class='ocrx_word' id='word_1_30' title='bbox 859 407 938 427; x_wconf 83' lang='lat' dir='ltr'>cura</span> <span class='ocrx_word' id='word_1_31' title='bbox 958 398 1079 428; x_wconf 78' lang='lat' dir='ltr'>libellis</span> <span class='ocrx_word' id='word_1_32' title='bbox 1127 400 1152 438; x_wconf 90' lang='grc' dir='ltr'>Ι,</span> <span class='ocrx_word' id='word_1_33' title='bbox 1169 411 1221 438; x_wconf 75' lang='grc'>45.</span> 
     </span>
    </p>

    <p class='ocr_par' dir='ltr' id='par_1_5' title="bbox 275 436 1277 569">
     <span class='ocr_line' id='line_1_6' title="bbox 275 436 1277 483; baseline 0.009 -18"><span class='ocrx_word' id='word_1_34' title='bbox 275 436 394 466; x_wconf 87' lang='lat' dir='ltr'>Editur</span> <span class='ocrx_word' id='word_1_35' title='bbox 409 448 450 467; x_wconf 89' lang='lat' dir='ltr'>en</span> <span class='ocrx_word' id='word_1_36' title='bbox 468 442 584 468; x_wconf 80' lang='lat' dir='ltr'>sextus</span> <span class='ocrx_word' id='word_1_37' title='bbox 602 439 676 469; x_wconf 85' lang='lat' dir='ltr'>sine</span> <span class='ocrx_word' id='word_1_38' title='bbox 694 444 726 468; x_wconf 83' lang='lat' dir='ltr'>te</span> <span class='ocrx_word' id='word_1_39' title='bbox 745 440 835 479; x_wconf 83' lang='lat' dir='ltr'>mihi,</span> <span class='ocrx_word' id='word_1_40' title='bbox 859 441 882 469; x_wconf 65' lang='lat'>1&lt;</span> <span class='ocrx_word' id='word_1_41' title='bbox 892 441 946 471; x_wconf 83' lang='lat' dir='ltr'>use</span> <span class='ocrx_word' id='word_1_42' title='bbox 964 442 1105 472; x_wconf 88' lang='lat' dir='ltr'>Camoni</span> <span class='ocrx_word' id='word_1_43' title='bbox 1153 444 1208 477; x_wconf 85' lang='grc' dir='ltr'>ΨΙ,</span> <span class='ocrx_word' id='word_1_44' title='bbox 1226 445 1277 483; x_wconf 75' lang='grc'>85,</span> 
     </span>
     <span class='ocr_line' id='line_1_7' title="bbox 275 480 1238 526; baseline 0.008 -17"><span class='ocrx_word' id='word_1_45' title='bbox 275 480 380 510; x_wconf 77' lang='lat' dir='ltr'>Effert</span> <span class='ocrx_word' id='word_1_46' title='bbox 398 491 521 511; x_wconf 84' lang='lat' dir='ltr'>uxores</span> <span class='ocrx_word' id='word_1_47' title='bbox 540 481 672 519; x_wconf 80' lang='lat' dir='ltr'>Fabius,</span> <span class='ocrx_word' id='word_1_48' title='bbox 691 483 871 514; x_wconf 74' lang='lat' dir='ltr'>Chrestilla</span> <span class='ocrx_word' id='word_1_49' title='bbox 890 487 1028 516; x_wconf 84' lang='lat' dir='ltr'>maritos</span> <span class='ocrx_word' id='word_1_50' title='bbox 1074 486 1166 526; x_wconf 80' lang='lat' dir='ltr'>VIII,</span> <span class='ocrx_word' id='word_1_51' title='bbox 1187 499 1238 526; x_wconf 71' lang='lat'>43.</span> 
     </span>
     <span class='ocr_line' id='line_1_8' title="bbox 276 523 1172 569; baseline 0.008 -16"><span class='ocrx_word' id='word_1_52' title='bbox 276 523 425 561; x_wconf 82' lang='lat' dir='ltr'>Effigiem</span> <span class='ocrx_word' id='word_1_53' title='bbox 444 529 571 555; x_wconf 82' lang='lat' dir='ltr'>tantum</span> <span class='ocrx_word' id='word_1_54' title='bbox 590 526 686 564; x_wconf 88' lang='lat' dir='ltr'>pucri</span> <span class='ocrx_word' id='word_1_55' title='bbox 705 528 834 565; x_wconf 84' lang='lat' dir='ltr'>pictura</span> <span class='ocrx_word' id='word_1_56' title='bbox 852 527 993 559; x_wconf 85' lang='lat' dir='ltr'>Camoni</span> <span class='ocrx_word' id='word_1_57' title='bbox 1043 530 1101 569; x_wconf 78' lang='lat' dir='ltr'>lx,</span> <span class='ocrx_word' id='word_1_58' title='bbox 1124 541 1172 569; x_wconf 77' lang='lat'>74.</span> 
     </span>
    </p>

    <p class='ocr_par' dir='ltr' id='par_1_6' title="bbox 275 567 1288 656">
     <span class='ocr_line' id='line_1_9' title="bbox 275 567 1288 611; baseline 0.008 -15"><span class='ocrx_word' id='word_1_59' title='bbox 275 567 434 606; x_wconf 78' lang='lat' dir='ltr'>Effugere</span> <span class='ocrx_word' id='word_1_60' title='bbox 452 569 481 598; x_wconf 93' lang='lat' dir='ltr'>in</span> <span class='ocrx_word' id='word_1_61' title='bbox 502 569 643 599; x_wconf 78' lang='lat' dir='ltr'>thermis</span> <span class='ocrx_word' id='word_1_62' title='bbox 661 575 694 600; x_wconf 82' lang='lat' dir='ltr'>ct</span> <span class='ocrx_word' id='word_1_63' title='bbox 712 571 799 600; x_wconf 80' lang='lat' dir='ltr'>circa</span> <span class='ocrx_word' id='word_1_64' title='bbox 819 572 938 602; x_wconf 83' lang='lat' dir='ltr'>balnea</span> <span class='ocrx_word' id='word_1_65' title='bbox 957 583 1023 602; x_wconf 87' lang='lat' dir='ltr'>non</span> <span class='ocrx_word' id='word_1_66' title='bbox 1042 579 1094 604; x_wconf 82' lang='lat' dir='ltr'>est</span> <span class='ocrx_word' id='word_1_67' title='bbox 1141 574 1220 611; x_wconf 79' lang='lat' dir='ltr'><strong>XII,</strong></span> <span class='ocrx_word' id='word_1_68' title='bbox 1239 576 1288 604; x_wconf 79' lang='lat'>82.</span> 
     </span>
     <span class='ocr_line' id='line_1_10' title="bbox 276 611 1134 656; baseline 0.007 -16"><span class='ocrx_word' id='word_1_69' title='bbox 276 611 436 649; x_wconf 78' lang='lat' dir='ltr'>Effugere</span> <span class='ocrx_word' id='word_1_70' title='bbox 455 623 521 641; x_wconf 89' lang='lat' dir='ltr'>non</span> <span class='ocrx_word' id='word_1_71' title='bbox 540 619 602 652; x_wconf 76' lang='lat' dir='ltr'>cst,</span> <span class='ocrx_word' id='word_1_72' title='bbox 624 613 751 651; x_wconf 72' lang='lat' dir='ltr'>Flacco,</span> <span class='ocrx_word' id='word_1_73' title='bbox 771 615 958 645; x_wconf 74' lang='lat' dir='ltr'>basiatores</span> <span class='ocrx_word' id='word_1_74' title='bbox 1004 616 1065 655; x_wconf 83' lang='lat' dir='ltr'>XI,</span> <span class='ocrx_word' id='word_1_75' title='bbox 1082 619 1134 656; x_wconf 79' lang='lat'>98,</span> 
     </span>
    </p>

    <p class='ocr_par' dir='ltr' id='par_1_7' title="bbox 274 654 1278 742">
     <span class='ocr_line' id='line_1_11' title="bbox 274 654 1278 701; baseline 0.008 -18"><span class='ocrx_word' id='word_1_76' title='bbox 274 654 348 693; x_wconf 78' lang='lat' dir='ltr'>Egiy</span> <span class='ocrx_word' id='word_1_77' title='bbox 367 656 483 688; x_wconf 71' lang='lat' dir='ltr'>Sexte.</span> <span class='ocrx_word' id='word_1_78' title='bbox 502 660 589 685; x_wconf 86' lang='lat' dir='ltr'>tuam</span> <span class='ocrx_word' id='word_1_79' title='bbox 609 662 725 695; x_wconf 81' lang='lat' dir='ltr'>pactus</span> <span class='ocrx_word' id='word_1_80' title='bbox 744 658 808 687; x_wconf 87' lang='lat' dir='ltr'>duo</span> <span class='ocrx_word' id='word_1_81' title='bbox 825 659 915 688; x_wconf 87' lang='lat' dir='ltr'>milia</span> <span class='ocrx_word' id='word_1_82' title='bbox 933 670 1066 690; x_wconf 78' lang='lat' dir='ltr'>causam</span> <span class='ocrx_word' id='word_1_83' title='bbox 1114 662 1207 701; x_wconf 76' lang='lat' dir='ltr'>VIII,</span> <span class='ocrx_word' id='word_1_84' title='bbox 1231 673 1278 700; x_wconf 90' lang='lat'>17.</span> 
     </span>
     <span class='ocr_line' id='line_1_12' title="bbox 274 697 1204 742; baseline 0.009 -15"><span class='ocrx_word' id='word_1_85' title='bbox 274 697 378 736; x_wconf 80' lang='lat' dir='ltr'>Egisti</span> <span class='ocrx_word' id='word_1_86' title='bbox 397 700 496 729; x_wconf 83' lang='lat' dir='ltr'>vitam</span> <span class='ocrx_word' id='word_1_87' title='bbox 515 710 659 738; x_wconf 70' lang='lat' dir='ltr'>semper,</span> <span class='ocrx_word' id='word_1_88' title='bbox 682 701 778 739; x_wconf 86' lang='lat' dir='ltr'>Line,</span> <span class='ocrx_word' id='word_1_89' title='bbox 797 703 1030 742; x_wconf 77' lang='lat' dir='ltr'>municipalem</span> <span class='ocrx_word' id='word_1_90' title='bbox 1080 704 1135 739; x_wconf 73' lang='lat' dir='ltr'>IV,</span> <span class='ocrx_word' id='word_1_91' title='bbox 1154 708 1204 736; x_wconf 82' lang='lat'>66.</span> 
     </span>
    </p>

    <p class='ocr_par' dir='ltr' id='par_1_8' title="bbox 271 741 1285 831">
     <span class='ocr_line' id='line_1_13' title="bbox 271 741 1285 788; baseline 0.01 -18"><span class='ocrx_word' id='word_1_92' title='bbox 271 741 374 772; x_wconf 82' lang='lat' dir='ltr'>Elidit</span> <span class='ocrx_word' id='word_1_93' title='bbox 393 744 547 781; x_wconf 85' lang='lat' dir='ltr'>geminos</span> <span class='ocrx_word' id='word_1_94' title='bbox 565 744 674 774; x_wconf 85' lang='lat' dir='ltr'>infans</span> <span class='ocrx_word' id='word_1_95' title='bbox 693 755 755 775; x_wconf 86' lang='lat' dir='ltr'>nec</span> <span class='ocrx_word' id='word_1_96' title='bbox 775 747 911 784; x_wconf 75' lang='lat' dir='ltr'>respicit</span> <span class='ocrx_word' id='word_1_97' title='bbox 928 758 1057 786; x_wconf 78' lang='lat' dir='ltr'>angues</span> <span class='ocrx_word' id='word_1_98' title='bbox 1104 749 1194 787; x_wconf 78' lang='lat' dir='ltr'>XIV,</span> <span class='ocrx_word' id='word_1_99' title='bbox 1218 761 1285 788; x_wconf 87' lang='lat'><strong>177.</strong></span> 
     </span>
     <span class='ocr_line' id='line_1_14' title="bbox 273 784 1192 831; baseline 0.009 -17"><span class='ocrx_word' id='word_1_100' title='bbox 273 784 393 824; x_wconf 73' lang='lat' dir='ltr'>Elysio</span> <span class='ocrx_word' id='word_1_101' title='bbox 412 787 526 816; x_wconf 84' lang='lat' dir='ltr'>redcat</span> <span class='ocrx_word' id='word_1_102' title='bbox 544 787 570 816; x_wconf 85' lang='lat' dir='ltr'>si</span> <span class='ocrx_word' id='word_1_103' title='bbox 591 788 676 817; x_wconf 84' lang='lat' dir='ltr'>sorte</span> <span class='ocrx_word' id='word_1_104' title='bbox 695 789 854 819; x_wconf 85' lang='lat' dir='ltr'>remissus</span> <span class='ocrx_word' id='word_1_105' title='bbox 870 790 911 819; x_wconf 86' lang='lat' dir='ltr'>ab</span> <span class='ocrx_word' id='word_1_106' title='bbox 928 801 1008 829; x_wconf 84' lang='lat' dir='ltr'>agro</span> <span class='ocrx_word' id='word_1_107' title='bbox 1057 792 1098 831; x_wconf 81' lang='lat' dir='ltr'>X,</span> <span class='ocrx_word' id='word_1_108' title='bbox 1125 802 1192 823; x_wconf 76' lang='lat'>101.</span> 
     </span>
    </p>

    <p class='ocr_par' dir='ltr' id='par_1_9' title="bbox 273 829 1055 873">
     <span class='ocr_line' id='line_1_15' title="bbox 273 829 1055 873; baseline 0.006 -15"><span class='ocrx_word' id='word_1_109' title='bbox 273 829 346 858; x_wconf 88' lang='lat' dir='ltr'>Emi</span> <span class='ocrx_word' id='word_1_110' title='bbox 364 840 424 860; x_wconf 87' lang='lat' dir='ltr'>seu</span> <span class='ocrx_word' id='word_1_111' title='bbox 442 840 583 869; x_wconf 87' lang='lat' dir='ltr'>puerum</span> <span class='ocrx_word' id='word_1_112' title='bbox 600 836 756 870; x_wconf 82' lang='lat' dir='ltr'>togamve</span> <span class='ocrx_word' id='word_1_113' title='bbox 775 843 894 871; x_wconf 87' lang='lat' dir='ltr'>pexam</span> <span class='ocrx_word' id='word_1_114' title='bbox 943 834 984 873; x_wconf 88' lang='grc' dir='ltr'>ΙΙ,</span> <span class='ocrx_word' id='word_1_115' title='bbox 1004 845 1055 872; x_wconf 82' lang='lat'>44.</span> 
     </span>
    </p>

    <p class='ocr_par' dir='ltr' id='par_1_10' title="bbox 273 872 1173 913">
     <span class='ocr_line' id='line_1_16' title="bbox 273 872 1173 913; baseline 0.009 -12"><span class='ocrx_word' id='word_1_116' title='bbox 273 872 362 902; x_wconf 90' lang='lat' dir='ltr'>Emit</span> <span class='ocrx_word' id='word_1_117' title='bbox 380 873 535 904; x_wconf 82' lang='lat' dir='ltr'>lacernas</span> <span class='ocrx_word' id='word_1_118' title='bbox 554 875 686 905; x_wconf 87' lang='lat' dir='ltr'>milibus</span> <span class='ocrx_word' id='word_1_119' title='bbox 702 877 818 906; x_wconf 86' lang='lat' dir='ltr'>decem</span> <span class='ocrx_word' id='word_1_120' title='bbox 838 877 964 907; x_wconf 82' lang='lat' dir='ltr'>Bassus</span> <span class='ocrx_word' id='word_1_121' title='bbox 1009 878 1100 913; x_wconf 78' lang='lat' dir='ltr'>VIII,</span> <span class='ocrx_word' id='word_1_122' title='bbox 1125 890 1173 910; x_wconf 83' lang='lat'>10.</span> 
     </span>
    </p>

    <p class='ocr_par' dir='ltr' id='par_1_11' title="bbox 272 915 1364 1090">
     <span class='ocr_line' id='line_1_17' title="bbox 273 915 1336 962; baseline 0.009 -17"><span class='ocrx_word' id='word_1_123' title='bbox 273 915 394 955; x_wconf 83' lang='lat' dir='ltr'>Empta</span> <span class='ocrx_word' id='word_1_124' title='bbox 412 918 531 947; x_wconf 90' lang='lat' dir='ltr'>domus</span> <span class='ocrx_word' id='word_1_125' title='bbox 549 918 655 948; x_wconf 83' lang='lat' dir='ltr'>fuerat</span> <span class='ocrx_word' id='word_1_126' title='bbox 673 919 742 958; x_wconf 82' lang='lat' dir='ltr'>tibi,</span> <span class='ocrx_word' id='word_1_127' title='bbox 763 919 977 958; x_wconf 80' lang='lat' dir='ltr'>Tongiliane,</span> <span class='ocrx_word' id='word_1_128' title='bbox 998 922 1154 953; x_wconf 82' lang='lat' dir='ltr'>ducentis</span> <span class='ocrx_word' id='word_1_129' title='bbox 1203 923 1261 959; x_wconf 76' lang='grc' dir='ltr'>ΙΙΙ,</span> <span class='ocrx_word' id='word_1_130' title='bbox 1284 934 1336 962; x_wconf 78' lang='lat'>52.</span> 
     </span>
     <span class='ocr_line' id='line_1_18' title="bbox 273 959 1364 1007; baseline 0.009 -19"><span class='ocrx_word' id='word_1_131' title='bbox 273 959 462 990; x_wconf 84' lang='lat' dir='ltr'>Encaustus</span> <span class='ocrx_word' id='word_1_132' title='bbox 480 961 658 991; x_wconf 84' lang='lat' dir='ltr'>Phaethon</span> <span class='ocrx_word' id='word_1_133' title='bbox 678 963 789 993; x_wconf 86' lang='lat' dir='ltr'>tabula</span> <span class='ocrx_word' id='word_1_134' title='bbox 808 964 865 993; x_wconf 91' lang='lat' dir='ltr'>tibi</span> <span class='ocrx_word' id='word_1_135' title='bbox 886 965 993 1002; x_wconf 86' lang='lat' dir='ltr'>pictus</span> <span class='ocrx_word' id='word_1_136' title='bbox 1011 966 1042 995; x_wconf 91' lang='lat' dir='ltr'>in</span> <span class='ocrx_word' id='word_1_137' title='bbox 1063 967 1123 997; x_wconf 85' lang='lat' dir='ltr'>hac</span> <span class='ocrx_word' id='word_1_138' title='bbox 1141 973 1192 997; x_wconf 80' lang='lat' dir='ltr'>est</span> <span class='ocrx_word' id='word_1_139' title='bbox 1241 967 1296 1007; x_wconf 86' lang='grc' dir='ltr'>ΙΨ,</span> <span class='ocrx_word' id='word_1_140' title='bbox 1315 979 1364 1007; x_wconf 78' lang='lat'>47.</span> 
     </span>
     <span class='ocr_line' id='line_1_19' title="bbox 273 1003 1235 1050; baseline 0.009 -18"><span class='ocrx_word' id='word_1_141' title='bbox 273 1003 490 1041; x_wconf 80' lang='lat' dir='ltr'>Epigramma</span> <span class='ocrx_word' id='word_1_142' title='bbox 509 1010 658 1035; x_wconf 86' lang='lat' dir='ltr'>nostrum</span> <span class='ocrx_word' id='word_1_143' title='bbox 677 1017 751 1036; x_wconf 90' lang='lat' dir='ltr'>cum</span> <span class='ocrx_word' id='word_1_144' title='bbox 771 1007 907 1038; x_wconf 82' lang='lat' dir='ltr'>Fabulla</span> <span class='ocrx_word' id='word_1_145' title='bbox 924 1008 1064 1047; x_wconf 80' lang='lat' dir='ltr'>legisset</span> <span class='ocrx_word' id='word_1_146' title='bbox 1111 1010 1167 1050; x_wconf 85' lang='lat' dir='ltr'>IV,</span> <span class='ocrx_word' id='word_1_147' title='bbox 1185 1012 1235 1041; x_wconf 83' lang='lat'>81.</span> 
     </span>
     <span class='ocr_line' id='line_1_20' title="bbox 272 1044 1062 1090; baseline 0.009 -14"><span class='ocrx_word' id='word_1_148' title='bbox 272 1044 387 1085; x_wconf 81' lang='lat' dir='ltr'>Erras,</span> <span class='ocrx_word' id='word_1_149' title='bbox 405 1058 552 1078; x_wconf 87' lang='lat' dir='ltr'>meorum</span> <span class='ocrx_word' id='word_1_150' title='bbox 571 1048 623 1079; x_wconf 89' lang='lat' dir='ltr'>fur</span> <span class='ocrx_word' id='word_1_151' title='bbox 639 1060 738 1080; x_wconf 84' lang='lat' dir='ltr'>avare</span> <span class='ocrx_word' id='word_1_152' title='bbox 756 1051 915 1080; x_wconf 89' lang='lat' dir='ltr'>librorum</span> <span class='ocrx_word' id='word_1_153' title='bbox 965 1052 989 1090; x_wconf 81' lang='lat'>1,</span> <span class='ocrx_word' id='word_1_154' title='bbox 1009 1054 1062 1084; x_wconf 89' lang='grc'>66.</span> 
     </span>
    </p>

    <p class='ocr_par' dir='ltr' id='par_1_12' title="bbox 271 1090 1387 1527">
     <span class='ocr_line' id='line_1_21' title="bbox 272 1090 1366 1137; baseline 0.007 -18"><span class='ocrx_word' id='word_1_155' title='bbox 272 1090 432 1129; x_wconf 85' lang='lat' dir='ltr'>Esquiliis</span> <span class='ocrx_word' id='word_1_156' title='bbox 448 1093 567 1122; x_wconf 89' lang='lat' dir='ltr'>domus</span> <span class='ocrx_word' id='word_1_157' title='bbox 584 1097 647 1126; x_wconf 79' lang='lat' dir='ltr'>est,</span> <span class='ocrx_word' id='word_1_158' title='bbox 666 1094 784 1123; x_wconf 88' lang='lat' dir='ltr'>domus</span> <span class='ocrx_word' id='word_1_159' title='bbox 801 1099 852 1124; x_wconf 83' lang='lat' dir='ltr'>est</span> <span class='ocrx_word' id='word_1_160' title='bbox 870 1095 925 1124; x_wconf 91' lang='lat' dir='ltr'>tibi</span> <span class='ocrx_word' id='word_1_161' title='bbox 944 1096 1029 1126; x_wconf 92' lang='lat' dir='ltr'>colle</span> <span class='ocrx_word' id='word_1_162' title='bbox 1048 1097 1178 1127; x_wconf 86' lang='lat' dir='ltr'>Dianae</span> <span class='ocrx_word' id='word_1_163' title='bbox 1225 1098 1298 1131; x_wconf 75' lang='grc' dir='ltr'>ΨΙΙ,</span> <span class='ocrx_word' id='word_1_164' title='bbox 1318 1109 1366 1137; x_wconf 78' lang='lat'>73.</span> 
     </span>
     <span class='ocr_line' id='line_1_22' title="bbox 272 1133 1324 1180; baseline 0.008 -17"><span class='ocrx_word' id='word_1_165' title='bbox 272 1133 355 1164; x_wconf 89' lang='lat' dir='ltr'>Esse</span> <span class='ocrx_word' id='word_1_166' title='bbox 373 1145 478 1173; x_wconf 82' lang='lat' dir='ltr'>negas</span> <span class='ocrx_word' id='word_1_167' title='bbox 495 1141 625 1165; x_wconf 88' lang='lat' dir='ltr'>coctum</span> <span class='ocrx_word' id='word_1_168' title='bbox 643 1136 794 1175; x_wconf 79' lang='lat' dir='ltr'>leporem</span> <span class='ocrx_word' id='word_1_169' title='bbox 814 1139 992 1177; x_wconf 88' lang='lat' dir='ltr'>poscisque</span> <span class='ocrx_word' id='word_1_170' title='bbox 1011 1141 1143 1178; x_wconf 80' lang='lat' dir='ltr'>flagella</span> <span class='ocrx_word' id='word_1_171' title='bbox 1192 1140 1252 1180; x_wconf 81' lang='grc' dir='ltr'>ΙΙΙ,</span> <span class='ocrx_word' id='word_1_172' title='bbox 1273 1152 1324 1180; x_wconf 75' lang='lat'>94.</span> 
     </span>
     <span class='ocr_line' id='line_1_23' title="bbox 271 1177 1320 1221; baseline 0.009 -14"><span class='ocrx_word' id='word_1_173' title='bbox 271 1177 355 1207; x_wconf 83' lang='lat' dir='ltr'>Esse</span> <span class='ocrx_word' id='word_1_174' title='bbox 372 1178 457 1208; x_wconf 84' lang='lat' dir='ltr'>nihil</span> <span class='ocrx_word' id='word_1_175' title='bbox 475 1178 557 1209; x_wconf 87' lang='lat' dir='ltr'>dicis</span> <span class='ocrx_word' id='word_1_176' title='bbox 574 1180 735 1218; x_wconf 89' lang='lat' dir='ltr'>quidquid</span> <span class='ocrx_word' id='word_1_177' title='bbox 754 1182 850 1219; x_wconf 84' lang='lat' dir='ltr'>petis,</span> <span class='ocrx_word' id='word_1_178' title='bbox 870 1181 1012 1221; x_wconf 88' lang='lat' dir='ltr'>inprobe</span> <span class='ocrx_word' id='word_1_179' title='bbox 1031 1184 1141 1214; x_wconf 85' lang='lat' dir='ltr'>Cinna</span> <span class='ocrx_word' id='word_1_180' title='bbox 1188 1184 1250 1216; x_wconf 86' lang='grc' dir='ltr'>ΙΙΙ.</span> <span class='ocrx_word' id='word_1_181' title='bbox 1268 1188 1320 1216; x_wconf 81' lang='lat'>61.</span> 
     </span>
     <span class='ocr_line' id='line_1_24' title="bbox 271 1220 1331 1268; baseline 0.008 -18"><span class='ocrx_word' id='word_1_182' title='bbox 271 1220 355 1251; x_wconf 85' lang='lat' dir='ltr'>Esse</span> <span class='ocrx_word' id='word_1_183' title='bbox 372 1226 452 1260; x_wconf 87' lang='lat' dir='ltr'>puta</span> <span class='ocrx_word' id='word_1_184' title='bbox 471 1233 575 1260; x_wconf 84' lang='lat' dir='ltr'>ceras,</span> <span class='ocrx_word' id='word_1_185' title='bbox 597 1222 674 1253; x_wconf 89' lang='lat' dir='ltr'>licet</span> <span class='ocrx_word' id='word_1_186' title='bbox 693 1224 776 1254; x_wconf 90' lang='lat' dir='ltr'>haec</span> <span class='ocrx_word' id='word_1_187' title='bbox 795 1226 988 1256; x_wconf 83' lang='lat' dir='ltr'>membrana</span> <span class='ocrx_word' id='word_1_188' title='bbox 1005 1233 1144 1257; x_wconf 87' lang='lat' dir='ltr'>vocetur</span> <span class='ocrx_word' id='word_1_189' title='bbox 1190 1227 1280 1267; x_wconf 80' lang='lat' dir='ltr'>XIV,</span> <span class='ocrx_word' id='word_1_190' title='bbox 1304 1240 1331 1268; x_wconf 91' lang='lat'>7.</span> 
     </span>
     <span class='ocr_line' id='line_1_25' title="bbox 271 1264 1323 1311; baseline 0.008 -17"><span class='ocrx_word' id='word_1_191' title='bbox 271 1264 355 1295; x_wconf 81' lang='lat' dir='ltr'>Esse</span> <span class='ocrx_word' id='word_1_192' title='bbox 373 1270 472 1304; x_wconf 85' lang='lat' dir='ltr'>putes</span> <span class='ocrx_word' id='word_1_193' title='bbox 490 1267 639 1296; x_wconf 89' lang='lat' dir='ltr'>nondum</span> <span class='ocrx_word' id='word_1_194' title='bbox 658 1277 777 1297; x_wconf 88' lang='lat' dir='ltr'>sumen</span> <span class='ocrx_word' id='word_1_195' title='bbox 795 1279 801 1305; x_wconf 71' lang='lat'><em>3</em></span> <span class='ocrx_word' id='word_1_196' title='bbox 826 1269 873 1299; x_wconf 81' lang='lat' dir='ltr'>sic</span> <span class='ocrx_word' id='word_1_197' title='bbox 891 1269 993 1300; x_wconf 86' lang='lat' dir='ltr'>ubere</span> <span class='ocrx_word' id='word_1_198' title='bbox 1012 1271 1105 1310; x_wconf 83' lang='lat' dir='ltr'>largo</span> <span class='ocrx_word' id='word_1_199' title='bbox 1153 1271 1249 1309; x_wconf 81' lang='lat' dir='ltr'>XHI,</span> <span class='ocrx_word' id='word_1_200' title='bbox 1268 1284 1323 1311; x_wconf 80' lang='lat'>44.</span> 
     </span>
     <span class='ocr_line' id='line_1_26' title="bbox 272 1308 1387 1355; baseline 0.007 -17"><span class='ocrx_word' id='word_1_201' title='bbox 272 1308 354 1338; x_wconf 85' lang='lat' dir='ltr'>Esse</span> <span class='ocrx_word' id='word_1_202' title='bbox 372 1310 451 1347; x_wconf 86' lang='lat' dir='ltr'>quid</span> <span class='ocrx_word' id='word_1_203' title='bbox 470 1310 533 1340; x_wconf 88' lang='lat' dir='ltr'>hoc</span> <span class='ocrx_word' id='word_1_204' title='bbox 551 1310 658 1340; x_wconf 83' lang='lat' dir='ltr'>dicam</span> <span class='ocrx_word' id='word_1_205' title='bbox 675 1312 765 1349; x_wconf 91' lang='lat' dir='ltr'>quod</span> <span class='ocrx_word' id='word_1_206' title='bbox 784 1312 876 1343; x_wconf 89' lang='lat' dir='ltr'>olent</span> <span class='ocrx_word' id='word_1_207' title='bbox 896 1317 952 1342; x_wconf 83' lang='lat' dir='ltr'>tua</span> <span class='ocrx_word' id='word_1_208' title='bbox 969 1314 1062 1344; x_wconf 86' lang='lat' dir='ltr'>basia</span> <span class='ocrx_word' id='word_1_209' title='bbox 1079 1325 1224 1345; x_wconf 88' lang='lat' dir='ltr'>murram</span> <span class='ocrx_word' id='word_1_210' title='bbox 1274 1316 1316 1355; x_wconf 93' lang='grc' dir='ltr'>ΙΙ,</span> <span class='ocrx_word' id='word_1_211' title='bbox 1340 1326 1387 1347; x_wconf 80' lang='lat'>12.</span> 
     </span>
     <span class='ocr_line' id='line_1_27' title="bbox 271 1352 1290 1397; baseline 0.007 -15"><span class='ocrx_word' id='word_1_212' title='bbox 271 1352 355 1382; x_wconf 84' lang='lat' dir='ltr'>Esse</span> <span class='ocrx_word' id='word_1_213' title='bbox 372 1354 450 1391; x_wconf 85' lang='lat' dir='ltr'>quid</span> <span class='ocrx_word' id='word_1_214' title='bbox 470 1354 532 1383; x_wconf 89' lang='lat' dir='ltr'>hoc</span> <span class='ocrx_word' id='word_1_215' title='bbox 549 1354 656 1383; x_wconf 82' lang='lat' dir='ltr'>dicam</span> <span class='ocrx_word' id='word_1_216' title='bbox 676 1355 759 1384; x_wconf 81' lang='lat' dir='ltr'>vivis</span> <span class='ocrx_word' id='word_1_217' title='bbox 776 1357 864 1394; x_wconf 88' lang='lat' dir='ltr'>quod</span> <span class='ocrx_word' id='word_1_218' title='bbox 884 1357 968 1387; x_wconf 87' lang='lat' dir='ltr'>sama</span> <span class='ocrx_word' id='word_1_219' title='bbox 987 1364 1133 1396; x_wconf 80' lang='lat' dir='ltr'>negatur</span> <span class='ocrx_word' id='word_1_220' title='bbox 1178 1359 1216 1397; x_wconf 88' lang='lat' dir='ltr'>V,</span> <span class='ocrx_word' id='word_1_221' title='bbox 1242 1370 1290 1390; x_wconf 87' lang='lat'>10.</span> 
     </span>
     <span class='ocr_line' id='line_1_28' title="bbox 271 1395 1290 1440; baseline 0.008 -15"><span class='ocrx_word' id='word_1_222' title='bbox 271 1395 355 1426; x_wconf 85' lang='lat' dir='ltr'>Esse</span> <span class='ocrx_word' id='word_1_223' title='bbox 372 1396 430 1426; x_wconf 86' lang='lat' dir='ltr'>tibi</span> <span class='ocrx_word' id='word_1_224' title='bbox 450 1397 565 1427; x_wconf 79' lang='lat' dir='ltr'>videor</span> <span class='ocrx_word' id='word_1_225' title='bbox 580 1407 701 1428; x_wconf 75' lang='lat' dir='ltr'>saevus</span> <span class='ocrx_word' id='word_1_226' title='bbox 719 1399 926 1438; x_wconf 88' lang='lat' dir='ltr'>nimiumque</span> <span class='ocrx_word' id='word_1_227' title='bbox 945 1401 1081 1439; x_wconf 80' lang='lat' dir='ltr'>gulosus</span> <span class='ocrx_word' id='word_1_228' title='bbox 1127 1402 1220 1437; x_wconf 76' lang='lat' dir='ltr'>VIII,</span> <span class='ocrx_word' id='word_1_229' title='bbox 1239 1412 1290 1440; x_wconf 80' lang='lat'>23.</span> 
     </span>
     <span class='ocr_line' id='line_1_29' title="bbox 271 1438 1300 1484; baseline 0.007 -15"><span class='ocrx_word' id='word_1_230' title='bbox 271 1438 355 1470; x_wconf 88' lang='lat' dir='ltr'>Esse</span> <span class='ocrx_word' id='word_1_231' title='bbox 373 1440 468 1470; x_wconf 88' lang='lat' dir='ltr'>vides</span> <span class='ocrx_word' id='word_1_232' title='bbox 485 1441 636 1479; x_wconf 77' lang='lat' dir='ltr'>lignum3</span> <span class='ocrx_word' id='word_1_233' title='bbox 660 1451 775 1472; x_wconf 80' lang='lat' dir='ltr'>servas</span> <span class='ocrx_word' id='word_1_234' title='bbox 794 1443 859 1473; x_wconf 85' lang='lat' dir='ltr'>nisi</span> <span class='ocrx_word' id='word_1_235' title='bbox 880 1444 1013 1479; x_wconf 72' lang='lat' dir='ltr'>lumina,</span> <span class='ocrx_word' id='word_1_236' title='bbox 1035 1446 1092 1476; x_wconf 84' lang='lat' dir='ltr'>fiet</span> <span class='ocrx_word' id='word_1_237' title='bbox 1138 1446 1232 1483; x_wconf 75' lang='lat' dir='ltr'>XIV,</span> <span class='ocrx_word' id='word_1_238' title='bbox 1250 1458 1300 1484; x_wconf 81' lang='lat'>44.</span> 
     </span>
     <span class='ocr_line' id='line_1_30' title="bbox 271 1482 1058 1527; baseline 0.008 -15"><span class='ocrx_word' id='word_1_239' title='bbox 271 1482 380 1519; x_wconf 86' lang='lat' dir='ltr'>Esset,</span> <span class='ocrx_word' id='word_1_240' title='bbox 398 1483 559 1523; x_wconf 85' lang='lat' dir='ltr'>Castrice,</span> <span class='ocrx_word' id='word_1_241' title='bbox 580 1495 654 1514; x_wconf 91' lang='lat' dir='ltr'>cum</span> <span class='ocrx_word' id='word_1_242' title='bbox 674 1486 749 1515; x_wconf 84' lang='lat' dir='ltr'>mali</span> <span class='ocrx_word' id='word_1_243' title='bbox 768 1487 892 1517; x_wconf 90' lang='lat' dir='ltr'>coloris</span> <span class='ocrx_word' id='word_1_244' title='bbox 937 1487 1013 1526; x_wconf 83' lang='grc' dir='ltr'>ΨΙΙ,</span> <span class='ocrx_word' id='word_1_245' title='bbox 1030 1500 1058 1527; x_wconf 77' lang='lat'>4.</span> 
     </span>
    </p>

    <p class='ocr_par' dir='ltr' id='par_1_13' title="bbox 271 1526 1446 1657">
     <span class='ocr_line' id='line_1_31' title="bbox 271 1526 1446 1570; baseline 0.006 -15"><span class='ocrx_word' id='word_1_246' title='bbox 271 1526 330 1557; x_wconf 86' lang='lat' dir='ltr'>Est</span> <span class='ocrx_word' id='word_1_247' title='bbox 348 1527 429 1556; x_wconf 89' lang='lat' dir='ltr'>mihi</span> <span class='ocrx_word' id='word_1_248' title='bbox 447 1529 577 1568; x_wconf 77' lang='lat' dir='ltr'>(sitque</span> <span class='ocrx_word' id='word_1_249' title='bbox 595 1539 716 1567; x_wconf 86' lang='lat' dir='ltr'>precor</span> <span class='ocrx_word' id='word_1_250' title='bbox 732 1529 868 1568; x_wconf 81' lang='lat' dir='ltr'>longum</span> <span class='ocrx_word' id='word_1_251' title='bbox 887 1536 919 1561; x_wconf 91' lang='lat' dir='ltr'>te</span> <span class='ocrx_word' id='word_1_252' title='bbox 938 1534 1103 1570; x_wconf 67' lang='lat' dir='ltr'>praeside,</span> <span class='ocrx_word' id='word_1_253' title='bbox 1124 1533 1265 1565; x_wconf 51' lang='lat' dir='ltr'>Caesar)</span> <span class='ocrx_word' id='word_1_254' title='bbox 1316 1533 1374 1567; x_wconf 71' lang='lat' dir='ltr'>IX,</span> <span class='ocrx_word' id='word_1_255' title='bbox 1400 1534 1446 1563; x_wconf 76' lang='lat'>18.</span> 
     </span>
     <span class='ocr_line' id='line_1_32' title="bbox 272 1570 1430 1616; baseline 0.008 -17"><span class='ocrx_word' id='word_1_256' title='bbox 272 1570 332 1600; x_wconf 85' lang='lat' dir='ltr'>Est</span> <span class='ocrx_word' id='word_1_257' title='bbox 349 1571 408 1600; x_wconf 87' lang='lat' dir='ltr'>tibi</span> <span class='ocrx_word' id='word_1_258' title='bbox 426 1572 552 1610; x_wconf 34' lang='lat' dir='ltr'>&amp;sitque</span> <span class='ocrx_word' id='word_1_259' title='bbox 570 1582 691 1610; x_wconf 88' lang='lat' dir='ltr'>precor</span> <span class='ocrx_word' id='word_1_260' title='bbox 708 1573 831 1603; x_wconf 81' lang='lat' dir='ltr'>inultos</span> <span class='ocrx_word' id='word_1_261' title='bbox 849 1580 1048 1614; x_wconf 81' lang='lat' dir='ltr'>crescatque</span> <span class='ocrx_word' id='word_1_262' title='bbox 1065 1587 1126 1616; x_wconf 88' lang='lat' dir='ltr'>per</span> <span class='ocrx_word' id='word_1_263' title='bbox 1141 1585 1264 1616; x_wconf 77' lang='lat' dir='ltr'>annos)</span> <span class='ocrx_word' id='word_1_264' title='bbox 1316 1576 1339 1615; x_wconf 91' lang='lat' dir='ltr'>I,</span> <span class='ocrx_word' id='word_1_265' title='bbox 1361 1578 1430 1606; x_wconf 88' lang='lat'>108.</span> 
     </span>
     <span class='ocr_line' id='line_1_33' title="bbox 272 1613 978 1657; baseline 0.008 -14"><span class='ocrx_word' id='word_1_266' title='bbox 272 1613 312 1643; x_wconf 87' lang='lat' dir='ltr'>Et</span> <span class='ocrx_word' id='word_1_267' title='bbox 332 1614 460 1644; x_wconf 86' lang='lat' dir='ltr'>delator</span> <span class='ocrx_word' id='word_1_268' title='bbox 477 1625 513 1645; x_wconf 84' lang='lat' dir='ltr'>es</span> <span class='ocrx_word' id='word_1_269' title='bbox 531 1620 563 1645; x_wconf 91' lang='lat' dir='ltr'>et</span> <span class='ocrx_word' id='word_1_270' title='bbox 582 1616 802 1647; x_wconf 83' lang='lat' dir='ltr'>calumniator</span> <span class='ocrx_word' id='word_1_271' title='bbox 848 1618 907 1657; x_wconf 74' lang='lat' dir='ltr'>XI,</span> <span class='ocrx_word' id='word_1_272' title='bbox 927 1620 978 1649; x_wconf 89' lang='grc'>66.</span> 
     </span>
    </p>

    <p class='ocr_par' dir='ltr' id='par_1_14' title="bbox 270 1657 1329 1745">
     <span class='ocr_line' id='line_1_34' title="bbox 270 1657 1329 1704; baseline 0.008 -18"><span class='ocrx_word' id='word_1_273' title='bbox 270 1657 311 1687; x_wconf 90' lang='lat' dir='ltr'>Et</span> <span class='ocrx_word' id='word_1_274' title='bbox 328 1658 419 1688; x_wconf 89' lang='lat' dir='ltr'>dolet</span> <span class='ocrx_word' id='word_1_275' title='bbox 437 1664 470 1688; x_wconf 86' lang='lat' dir='ltr'>et</span> <span class='ocrx_word' id='word_1_276' title='bbox 487 1659 642 1697; x_wconf 89' lang='lat' dir='ltr'>queritur</span> <span class='ocrx_word' id='word_1_277' title='bbox 658 1660 720 1689; x_wconf 89' lang='lat' dir='ltr'>sibi</span> <span class='ocrx_word' id='word_1_278' title='bbox 739 1671 806 1690; x_wconf 89' lang='lat' dir='ltr'>non</span> <span class='ocrx_word' id='word_1_279' title='bbox 825 1662 1027 1701; x_wconf 84' lang='lat' dir='ltr'>contingere</span> <span class='ocrx_word' id='word_1_280' title='bbox 1047 1664 1153 1703; x_wconf 81' lang='lat' dir='ltr'>frigus</span> <span class='ocrx_word' id='word_1_281' title='bbox 1199 1663 1256 1704; x_wconf 79' lang='lat' dir='ltr'>VI,</span> <span class='ocrx_word' id='word_1_282' title='bbox 1277 1675 1329 1703; x_wconf 78' lang='lat'>59.</span> 
     </span>
     <span class='ocr_line' id='line_1_35' title="bbox 271 1701 1025 1745; baseline 0.009 -15"><span class='ocrx_word' id='word_1_283' title='bbox 271 1701 311 1731; x_wconf 87' lang='lat' dir='ltr'>Et</span> <span class='ocrx_word' id='word_1_284' title='bbox 329 1702 429 1731; x_wconf 88' lang='lat' dir='ltr'>iudex</span> <span class='ocrx_word' id='word_1_285' title='bbox 448 1703 532 1740; x_wconf 86' lang='lat' dir='ltr'>petit</span> <span class='ocrx_word' id='word_1_286' title='bbox 549 1708 581 1732; x_wconf 84' lang='lat' dir='ltr'>et</span> <span class='ocrx_word' id='word_1_287' title='bbox 600 1704 683 1742; x_wconf 89' lang='lat' dir='ltr'>petit</span> <span class='ocrx_word' id='word_1_288' title='bbox 703 1709 863 1742; x_wconf 80' lang='lat' dir='ltr'>patronus</span> <span class='ocrx_word' id='word_1_289' title='bbox 911 1705 954 1738; x_wconf 89' lang='grc' dir='ltr'>ΙΙ.</span> <span class='ocrx_word' id='word_1_290' title='bbox 977 1717 1025 1745; x_wconf 80' lang='lat'>13.</span> 
     </span>
    </p>

    <p class='ocr_par' dir='ltr' id='par_1_15' title="bbox 270 1744 1275 1790">
     <span class='ocr_line' id='line_1_36' title="bbox 270 1744 1275 1790; baseline 0.008 -16"><span class='ocrx_word' id='word_1_291' title='bbox 270 1744 312 1774; x_wconf 91' lang='lat' dir='ltr'>Et</span> <span class='ocrx_word' id='word_1_292' title='bbox 329 1744 411 1775; x_wconf 88' lang='lat' dir='ltr'>latet</span> <span class='ocrx_word' id='word_1_293' title='bbox 429 1752 462 1776; x_wconf 88' lang='lat' dir='ltr'>et</span> <span class='ocrx_word' id='word_1_294' title='bbox 479 1746 567 1776; x_wconf 86' lang='lat' dir='ltr'>lucet</span> <span class='ocrx_word' id='word_1_295' title='bbox 586 1747 836 1778; x_wconf 84' lang='lat' dir='ltr'>Phaethontide</span> <span class='ocrx_word' id='word_1_296' title='bbox 853 1751 989 1780; x_wconf 81' lang='lat' dir='ltr'>condita</span> <span class='ocrx_word' id='word_1_297' title='bbox 1006 1755 1102 1790; x_wconf 82' lang='lat' dir='ltr'>gutta</span> <span class='ocrx_word' id='word_1_298' title='bbox 1150 1751 1205 1790; x_wconf 84' lang='lat' dir='ltr'>IV,</span> <span class='ocrx_word' id='word_1_299' title='bbox 1223 1762 1275 1790; x_wconf 83' lang='lat'>32.</span> 
     </span>
    </p>

    <p class='ocr_par' dir='ltr' id='par_1_16' title="bbox 271 1788 981 1832">
     <span class='ocr_line' id='line_1_37' title="bbox 271 1788 981 1832; baseline 0.006 -14"><span class='ocrx_word' id='word_1_300' title='bbox 271 1788 312 1818; x_wconf 90' lang='lat' dir='ltr'>Et</span> <span class='ocrx_word' id='word_1_301' title='bbox 329 1789 420 1819; x_wconf 87' lang='lat' dir='ltr'>voltu</span> <span class='ocrx_word' id='word_1_302' title='bbox 439 1794 591 1828; x_wconf 86' lang='lat' dir='ltr'>poteram</span> <span class='ocrx_word' id='word_1_303' title='bbox 609 1795 667 1820; x_wconf 91' lang='lat' dir='ltr'>tuo</span> <span class='ocrx_word' id='word_1_304' title='bbox 685 1801 800 1822; x_wconf 85' lang='lat' dir='ltr'>carere</span> <span class='ocrx_word' id='word_1_305' title='bbox 848 1792 909 1830; x_wconf 95' lang='grc' dir='ltr'>ΙΙΙ,</span> <span class='ocrx_word' id='word_1_306' title='bbox 930 1803 981 1832; x_wconf 83' lang='lat'>53.</span> 
     </span>
    </p>

    <p class='ocr_par' dir='ltr' id='par_1_17' title="bbox 270 1832 993 1875">
     <span class='ocr_line' id='line_1_38' title="bbox 270 1832 993 1875; baseline 0.007 -13"><span class='ocrx_word' id='word_1_307' title='bbox 270 1832 404 1862; x_wconf 88' lang='lat' dir='ltr'>Etrusci</span> <span class='ocrx_word' id='word_1_308' title='bbox 423 1834 486 1862; x_wconf 92' lang='lat' dir='ltr'>nisi</span> <span class='ocrx_word' id='word_1_309' title='bbox 506 1834 683 1864; x_wconf 84' lang='lat' dir='ltr'>thermulis</span> <span class='ocrx_word' id='word_1_310' title='bbox 700 1835 822 1865; x_wconf 82' lang='lat' dir='ltr'>lavaris</span> <span class='ocrx_word' id='word_1_311' title='bbox 867 1835 923 1874; x_wconf 83' lang='lat' dir='ltr'>VI,</span> <span class='ocrx_word' id='word_1_312' title='bbox 943 1849 993 1875; x_wconf 82' lang='lat'>42.</span> 
     </span>
    </p>

    <p class='ocr_par' dir='ltr' id='par_1_18' title="bbox 270 1875 1269 1964">
     <span class='ocr_line' id='line_1_39' title="bbox 270 1875 1269 1921; baseline 0.008 -16"><span class='ocrx_word' id='word_1_313' title='bbox 270 1875 471 1915; x_wconf 84' lang='lat' dir='ltr'>Eutrapelus</span> <span class='ocrx_word' id='word_1_314' title='bbox 488 1882 605 1907; x_wconf 86' lang='lat' dir='ltr'>tonsor</span> <span class='ocrx_word' id='word_1_315' title='bbox 623 1878 700 1908; x_wconf 92' lang='lat' dir='ltr'>dum</span> <span class='ocrx_word' id='word_1_316' title='bbox 721 1879 837 1909; x_wconf 88' lang='lat' dir='ltr'>circuit</span> <span class='ocrx_word' id='word_1_317' title='bbox 855 1889 912 1910; x_wconf 87' lang='lat' dir='ltr'>ora</span> <span class='ocrx_word' id='word_1_318' title='bbox 932 1881 1075 1920; x_wconf 85' lang='lat' dir='ltr'>Luperci</span> <span class='ocrx_word' id='word_1_319' title='bbox 1122 1881 1195 1921; x_wconf 88' lang='grc' dir='ltr'>ΨΙΙ,</span> <span class='ocrx_word' id='word_1_320' title='bbox 1217 1884 1269 1921; x_wconf 82' lang='lat'>83.</span> 
     </span>
     <span class='ocr_line' id='line_1_40' title="bbox 270 1919 1224 1964; baseline 0.008 -16"><span class='ocrx_word' id='word_1_321' title='bbox 270 1919 449 1958; x_wconf 84' lang='lat' dir='ltr'>Excipient</span> <span class='ocrx_word' id='word_1_322' title='bbox 466 1931 566 1959; x_wconf 89' lang='lat' dir='ltr'>apros</span> <span class='ocrx_word' id='word_1_323' title='bbox 583 1923 881 1962; x_wconf 80' lang='lat' dir='ltr'>expectabuntque</span> <span class='ocrx_word' id='word_1_324' title='bbox 900 1924 1017 1955; x_wconf 88' lang='lat' dir='ltr'>leones</span> <span class='ocrx_word' id='word_1_325' title='bbox 1064 1925 1154 1963; x_wconf 83' lang='lat' dir='ltr'>XIV,</span> <span class='ocrx_word' id='word_1_326' title='bbox 1173 1936 1224 1964; x_wconf 84' lang='lat'>30.</span> 
     </span>
    </p>

    <p class='ocr_par' dir='ltr' id='par_1_19' title="bbox 270 1963 1218 2008">
     <span class='ocr_line' id='line_1_41' title="bbox 270 1963 1218 2008; baseline 0.007 -16"><span class='ocrx_word' id='word_1_327' title='bbox 270 1963 388 2001; x_wconf 83' lang='lat' dir='ltr'>Exigis</span> <span class='ocrx_word' id='word_1_328' title='bbox 404 1974 422 1994; x_wconf 83' lang='lat' dir='ltr'>a</span> <span class='ocrx_word' id='word_1_329' title='bbox 440 1965 537 1995; x_wconf 92' lang='lat' dir='ltr'>nobis</span> <span class='ocrx_word' id='word_1_330' title='bbox 555 1975 691 2004; x_wconf 87' lang='lat' dir='ltr'>operam</span> <span class='ocrx_word' id='word_1_331' title='bbox 710 1967 784 1996; x_wconf 90' lang='lat' dir='ltr'>sine</span> <span class='ocrx_word' id='word_1_332' title='bbox 801 1967 869 1997; x_wconf 91' lang='lat' dir='ltr'>fine</span> <span class='ocrx_word' id='word_1_333' title='bbox 886 1972 1035 2006; x_wconf 84' lang='lat' dir='ltr'>togatam</span> <span class='ocrx_word' id='word_1_334' title='bbox 1085 1968 1146 2007; x_wconf 89' lang='grc' dir='ltr'>ΙΙΙ,</span> <span class='ocrx_word' id='word_1_335' title='bbox 1165 1971 1218 2008; x_wconf 79' lang='lat'>46.</span> 
     </span>
    </p>

    <p class='ocr_par' dir='ltr' id='par_1_20' title="bbox 268 2006 1369 2226">
     <span class='ocr_line' id='line_1_42' title="bbox 270 2006 1300 2051; baseline 0.008 -16"><span class='ocrx_word' id='word_1_336' title='bbox 270 2006 387 2045; x_wconf 82' lang='lat' dir='ltr'>Exigis</span> <span class='ocrx_word' id='word_1_337' title='bbox 405 2012 439 2037; x_wconf 87' lang='lat' dir='ltr'>ut</span> <span class='ocrx_word' id='word_1_338' title='bbox 457 2008 578 2038; x_wconf 90' lang='lat' dir='ltr'>donem</span> <span class='ocrx_word' id='word_1_339' title='bbox 597 2013 731 2039; x_wconf 87' lang='lat' dir='ltr'>nostros</span> <span class='ocrx_word' id='word_1_340' title='bbox 749 2011 820 2050; x_wconf 87' lang='lat' dir='ltr'>tibi,</span> <span class='ocrx_word' id='word_1_341' title='bbox 840 2011 976 2049; x_wconf 81' lang='lat' dir='ltr'>Quinte,</span> <span class='ocrx_word' id='word_1_342' title='bbox 993 2012 1126 2043; x_wconf 89' lang='lat' dir='ltr'>libellos</span> <span class='ocrx_word' id='word_1_343' title='bbox 1173 2014 1229 2051; x_wconf 86' lang='grc' dir='ltr'>ΙΨ,</span> <span class='ocrx_word' id='word_1_344' title='bbox 1250 2024 1300 2051; x_wconf 81' lang='lat'>72.</span> 
     </span>
     <span class='ocr_line' id='line_1_43' title="bbox 268 2049 1304 2096; baseline 0.008 -17"><span class='ocrx_word' id='word_1_345' title='bbox 268 2049 386 2088; x_wconf 82' lang='lat' dir='ltr'>Exigis</span> <span class='ocrx_word' id='word_1_346' title='bbox 404 2055 438 2080; x_wconf 92' lang='lat' dir='ltr'>ut</span> <span class='ocrx_word' id='word_1_347' title='bbox 456 2056 589 2082; x_wconf 89' lang='lat' dir='ltr'>nostros</span> <span class='ocrx_word' id='word_1_348' title='bbox 607 2053 729 2083; x_wconf 89' lang='lat' dir='ltr'>donem</span> <span class='ocrx_word' id='word_1_349' title='bbox 749 2054 820 2093; x_wconf 78' lang='lat' dir='ltr'>tibi,</span> <span class='ocrx_word' id='word_1_350' title='bbox 840 2055 962 2090; x_wconf 75' lang='lat' dir='ltr'>Tucca,</span> <span class='ocrx_word' id='word_1_351' title='bbox 981 2056 1113 2086; x_wconf 88' lang='lat' dir='ltr'>libellos</span> <span class='ocrx_word' id='word_1_352' title='bbox 1157 2057 1232 2092; x_wconf 77' lang='lat' dir='ltr'>VII,</span> <span class='ocrx_word' id='word_1_353' title='bbox 1256 2067 1304 2096; x_wconf 83' lang='lat'>77.</span> 
     </span>
     <span class='ocr_line' id='line_1_44' title="bbox 270 2093 1369 2139; baseline 0.008 -17"><span class='ocrx_word' id='word_1_354' title='bbox 270 2093 468 2132; x_wconf 79' lang='lat' dir='ltr'>Expirantis</span> <span class='ocrx_word' id='word_1_355' title='bbox 485 2096 596 2126; x_wconf 86' lang='lat' dir='ltr'>adhuc</span> <span class='ocrx_word' id='word_1_356' title='bbox 613 2097 758 2127; x_wconf 83' lang='lat' dir='ltr'>scombri</span> <span class='ocrx_word' id='word_1_357' title='bbox 778 2099 819 2127; x_wconf 89' lang='lat' dir='ltr'>de</span> <span class='ocrx_word' id='word_1_358' title='bbox 837 2099 1003 2137; x_wconf 84' lang='lat' dir='ltr'>sanguine</span> <span class='ocrx_word' id='word_1_359' title='bbox 1021 2101 1129 2138; x_wconf 86' lang='lat' dir='ltr'>primo</span> <span class='ocrx_word' id='word_1_360' title='bbox 1177 2100 1274 2139; x_wconf 81' lang='lat' dir='ltr'>XIII,</span> <span class='ocrx_word' id='word_1_361' title='bbox 1298 2111 1369 2132; x_wconf 80' lang='lat'><em>102.</em></span> 
     </span>
     <span class='ocr_line' id='line_1_45' title="bbox 269 2137 1327 2183; baseline 0.008 -17"><span class='ocrx_word' id='word_1_362' title='bbox 269 2137 474 2176; x_wconf 86' lang='lat' dir='ltr'>Explicitum</span> <span class='ocrx_word' id='word_1_363' title='bbox 492 2140 588 2169; x_wconf 90' lang='lat' dir='ltr'>nobis</span> <span class='ocrx_word' id='word_1_364' title='bbox 606 2150 712 2179; x_wconf 88' lang='lat' dir='ltr'>usque</span> <span class='ocrx_word' id='word_1_365' title='bbox 729 2142 770 2171; x_wconf 85' lang='lat' dir='ltr'>ad</span> <span class='ocrx_word' id='word_1_366' title='bbox 789 2151 849 2171; x_wconf 84' lang='lat' dir='ltr'>sua</span> <span class='ocrx_word' id='word_1_367' title='bbox 867 2152 991 2173; x_wconf 88' lang='lat' dir='ltr'>cornua</span> <span class='ocrx_word' id='word_1_368' title='bbox 1010 2144 1128 2173; x_wconf 89' lang='lat' dir='ltr'>librum</span> <span class='ocrx_word' id='word_1_369' title='bbox 1175 2144 1236 2183; x_wconf 85' lang='lat' dir='ltr'>XI,</span> <span class='ocrx_word' id='word_1_370' title='bbox 1258 2154 1327 2183; x_wconf 85' lang='lat'><strong>107.</strong></span> 
     </span>
     <span class='ocr_line' id='line_1_46' title="bbox 269 2180 1113 2226; baseline 0.009 -17"><span class='ocrx_word' id='word_1_371' title='bbox 269 2180 518 2220; x_wconf 85' lang='lat' dir='ltr'>Extemporalis</span> <span class='ocrx_word' id='word_1_372' title='bbox 536 2184 641 2213; x_wconf 87' lang='lat' dir='ltr'>factus</span> <span class='ocrx_word' id='word_1_373' title='bbox 658 2190 709 2214; x_wconf 89' lang='lat' dir='ltr'>est</span> <span class='ocrx_word' id='word_1_374' title='bbox 728 2195 821 2215; x_wconf 83' lang='lat' dir='ltr'>meus</span> <span class='ocrx_word' id='word_1_375' title='bbox 839 2186 956 2216; x_wconf 88' lang='lat' dir='ltr'>rhetor</span> <span class='ocrx_word' id='word_1_376' title='bbox 1002 2187 1040 2226; x_wconf 86' lang='lat' dir='ltr'>V,</span> <span class='ocrx_word' id='word_1_377' title='bbox 1062 2197 1113 2226; x_wconf 83' lang='lat'>54.</span> 
     </span>
    </p>
   </div>
   <div class='ocr_carea' id='block_1_3' title="bbox 268 2263 1281 2481">
    <p class='ocr_par' dir='ltr' id='par_1_21' title="bbox 269 2263 1281 2395">
     <span class='ocr_line' id='line_1_47' title="bbox 269 2263 1170 2309; baseline 0.007 -16"><span class='ocrx_word' id='word_1_378' title='bbox 269 2263 421 2294; x_wconf 81' lang='lat' dir='ltr'>Fabricio</span> <span class='ocrx_word' id='word_1_379' title='bbox 438 2264 572 2295; x_wconf 83' lang='lat' dir='ltr'>iunctus</span> <span class='ocrx_word' id='word_1_380' title='bbox 590 2266 657 2296; x_wconf 87' lang='lat' dir='ltr'>fido</span> <span class='ocrx_word' id='word_1_381' title='bbox 675 2268 855 2306; x_wconf 87' lang='lat' dir='ltr'>requiescit</span> <span class='ocrx_word' id='word_1_382' title='bbox 872 2267 1028 2306; x_wconf 83' lang='lat' dir='ltr'>Aquinus</span> <span class='ocrx_word' id='word_1_383' title='bbox 1076 2268 1100 2308; x_wconf 89' lang='grc' dir='ltr'>Ι,</span> <span class='ocrx_word' id='word_1_384' title='bbox 1119 2280 1170 2309; x_wconf 81' lang='lat'>93.</span> 
     </span>
     <span class='ocr_line' id='line_1_48' title="bbox 269 2308 1281 2352; baseline 0.005 -14"><span class='ocrx_word' id='word_1_385' title='bbox 269 2308 393 2338; x_wconf 87' lang='lat' dir='ltr'>Facere</span> <span class='ocrx_word' id='word_1_386' title='bbox 411 2308 442 2337; x_wconf 89' lang='lat' dir='ltr'>in</span> <span class='ocrx_word' id='word_1_387' title='bbox 465 2308 653 2347; x_wconf 79' lang='lat' dir='ltr'>Lyciscam,</span> <span class='ocrx_word' id='word_1_388' title='bbox 674 2311 788 2351; x_wconf 86' lang='lat' dir='ltr'>Paule,</span> <span class='ocrx_word' id='word_1_389' title='bbox 809 2321 861 2341; x_wconf 90' lang='lat' dir='ltr'>me</span> <span class='ocrx_word' id='word_1_390' title='bbox 878 2311 972 2341; x_wconf 88' lang='lat' dir='ltr'>iubes</span> <span class='ocrx_word' id='word_1_391' title='bbox 990 2322 1108 2343; x_wconf 85' lang='lat' dir='ltr'>versus</span> <span class='ocrx_word' id='word_1_392' title='bbox 1155 2313 1210 2352; x_wconf 85' lang='grc' dir='ltr'>ΙΨ,</span> <span class='ocrx_word' id='word_1_393' title='bbox 1234 2324 1281 2351; x_wconf 77' lang='grc'>17,</span> 
     </span>
     <span class='ocr_line' id='line_1_49' title="bbox 270 2351 1062 2395; baseline 0.009 -16"><span class='ocrx_word' id='word_1_394' title='bbox 270 2351 416 2381; x_wconf 86' lang='lat' dir='ltr'>Facundi</span> <span class='ocrx_word' id='word_1_395' title='bbox 435 2352 588 2382; x_wconf 82' lang='lat' dir='ltr'>Senecae</span> <span class='ocrx_word' id='word_1_396' title='bbox 605 2358 728 2392; x_wconf 89' lang='lat' dir='ltr'>potens</span> <span class='ocrx_word' id='word_1_397' title='bbox 745 2355 870 2385; x_wconf 86' lang='lat' dir='ltr'>amicus</span> <span class='ocrx_word' id='word_1_398' title='bbox 915 2355 990 2393; x_wconf 78' lang='lat' dir='ltr'>VII,</span> <span class='ocrx_word' id='word_1_399' title='bbox 1011 2367 1062 2395; x_wconf 79' lang='lat'>45.</span> 
     </span>
    </p>

    <p class='ocr_par' dir='ltr' id='par_1_22' title="bbox 270 2395 1004 2437">
     <span class='ocr_line' id='line_1_50' title="bbox 270 2395 1004 2437; baseline 0.005 -13"><span class='ocrx_word' id='word_1_400' title='bbox 270 2395 446 2425; x_wconf 85' lang='lat' dir='ltr'>Facundos</span> <span class='ocrx_word' id='word_1_401' title='bbox 464 2395 543 2425; x_wconf 90' lang='lat' dir='ltr'>mihi</span> <span class='ocrx_word' id='word_1_402' title='bbox 561 2397 602 2426; x_wconf 88' lang='lat' dir='ltr'>de</span> <span class='ocrx_word' id='word_1_403' title='bbox 619 2397 808 2428; x_wconf 84' lang='lat' dir='ltr'>libidinosis</span> <span class='ocrx_word' id='word_1_404' title='bbox 854 2398 932 2437; x_wconf 86' lang='lat' dir='ltr'>XII,</span> <span class='ocrx_word' id='word_1_405' title='bbox 952 2409 1004 2437; x_wconf 81' lang='lat'>43.</span> 
     </span>
    </p>

    <p class='ocr_par' dir='ltr' id='par_1_23' title="bbox 268 2438 1206 2481">
     <span class='ocr_line' id='line_1_51' title="bbox 268 2438 1206 2481; baseline 0.006 -14"><span class='ocrx_word' id='word_1_406' title='bbox 268 2438 367 2468; x_wconf 85' lang='lat' dir='ltr'>Fama</span> <span class='ocrx_word' id='word_1_407' title='bbox 385 2438 488 2469; x_wconf 85' lang='lat' dir='ltr'>refert</span> <span class='ocrx_word' id='word_1_408' title='bbox 506 2444 640 2470; x_wconf 88' lang='lat' dir='ltr'>nostros</span> <span class='ocrx_word' id='word_1_409' title='bbox 657 2446 700 2480; x_wconf 83' lang='lat' dir='ltr'>te,</span> <span class='ocrx_word' id='word_1_410' title='bbox 723 2441 913 2479; x_wconf 78' lang='lat' dir='ltr'>Fidentine,</span> <span class='ocrx_word' id='word_1_411' title='bbox 932 2442 1064 2472; x_wconf 88' lang='lat' dir='ltr'>libellos</span> <span class='ocrx_word' id='word_1_412' title='bbox 1112 2442 1137 2479; x_wconf 74' lang='grc' dir='ltr'>Ι.</span> <span class='ocrx_word' id='word_1_413' title='bbox 1156 2453 1206 2481; x_wconf 84' lang='lat'>29.</span> 
     </span>
    </p>
   </div>
  </div>
 </body>
</html>
