1684 2763
219 162 274 199 M.
306 162 428 199 VAL.
460 162 773 200 MARTIALIS

736 276 806 312 LX

325 346 507 383 Adlatres
536 344 626 383 licet
655 358 780 394 usque
809 358 881 383 nos
911 353 949 383 et
978 359 1103 395 usque

325 418 362 447 et
391 409 616 460 gannitibus
646 409 822 459 inprobis
852 412 1030 458 lacessas,

326 482 473 512 certum
504 482 562 512 est
592 475 694 512 hanc
724 474 793 512 tibi
824 488 1035 524 pernegare
1066 476 1222 522 famam,

326 538 419 576 olim
450 552 568 588 quam
599 539 708 588 petis,
741 539 781 576 in
812 539 907 577 meis
937 539 1077 578 libellis

327 603 624 653 qualiscumque
654 603 790 653 legaris
819 611 861 641 ut
891 617 959 653 per
987 605 1135 642 orbem.
1532 622 1548 653 5

327 669 431 705 Nam
461 676 499 705 te
529 681 597 705 cur
624 668 764 717 aliquis
794 667 889 706 sciat
920 668 1067 706 fuisse?

326 732 481 782 ignotus
511 745 656 782 pereas,
690 732 816 779 miser,
849 746 1009 770 necesse
1039 740 1107 771 est.

327 810 407 835 non
437 798 578 835 derunt
609 804 740 834 tamen
771 798 845 835 hac
876 797 915 834 in
946 798 1041 836 urbe
1071 799 1200 835 forsan

328 875 428 900 unus
458 864 517 900 vel
548 863 628 900 duo
659 870 783 900 tresve
812 870 1055 912 quattuorve,

327 929 469 977 pellem
499 928 636 965 rodere
666 927 732 977 qui
762 928 882 966 velint
912 927 1119 966 caninam:
1512 942 1551 964 10

328 1006 400 1030 nos
430 993 503 1030 hac
532 1006 554 1030 a
584 992 715 1030 scabie
746 1000 925 1030 tenemus
956 1005 1117 1042 ungues.
1222 983 1229 987 ³

731 1081 824 1117 LXI

223 1149 425 1199 Crispulus
456 1149 528 1188 iste
557 1149 644 1199 quis
674 1157 742 1196 est,
776 1149 884 1187 uxori
915 1162 1069 1199 semper
1097 1150 1283 1187 adhaeret

275 1214 352 1263 qui,
388 1214 575 1260 Mariam,
607 1216 728 1252 tuae?
766 1214 956 1264 crispulus
987 1214 1058 1252 iste
1088 1213 1174 1263 quis
1204 1215 1294 1251 est?

222 1279 355 1318 nescio
385 1279 480 1328 quid
510 1279 696 1317 dominae
726 1287 898 1317 teneram
930 1279 996 1328 qui
1027 1278 1141 1328 garrit
1171 1278 1210 1316 in
1239 1291 1372 1317 aurem

276 1351 313 1381 et
343 1345 477 1381 sellam
507 1343 642 1381 cubito
672 1343 888 1381 dexteriore
917 1344 1089 1392 premit?

223 1422 290 1457 per
319 1408 429 1446 cuius
459 1408 601 1457 digitos
631 1408 748 1446 currit
778 1408 871 1446 levis
901 1410 1041 1446 anulus
1071 1407 1211 1455 omnis,
1536 1423 1554 1454 5

276 1486 386 1510 crura
414 1473 510 1521 gerit
540 1474 650 1510 nullo
678 1472 744 1522 qui
774 1472 917 1510 violata
946 1473 1057 1522 pilo?

224 1538 276 1575 nil
307 1537 402 1575 mihi
432 1539 677 1586 respondes?
732 1537 894 1575 ‘onris
924 1551 983 1575 res
1012 1537 1115 1587 agit'
1145 1537 1274 1587 inquis

280 1602 372 1640 ‘iste
403 1604 537 1640 meae.'
595 1604 697 1641 Sane
727 1611 856 1640 certus
887 1610 925 1640 et
954 1616 1067 1651 asper
1097 1603 1219 1640 homo
1249 1609 1318 1649 est,

226 1675 515 1717 procuratorem
545 1669 652 1705 voltu
682 1667 748 1716 qui
779 1669 967 1717 praeferat
998 1667 1109 1716 ipso:

277 1732 401 1769 acrior
430 1733 505 1769 hoc
536 1731 659 1770 Chius
691 1746 769 1769 non
800 1732 870 1770 erit
901 1732 1094 1770 Aufidius.
1517 1747 1555 1770 10

226 1798 261 1835 O
293 1810 409 1846 quam
441 1796 581 1845 dignus
612 1810 694 1834 eras
724 1796 857 1846 alapis,
892 1796 1080 1842 Mariane,
1113 1796 1264 1834 Latini:

280 1870 317 1899 te
347 1874 619 1898 successurum
649 1862 768 1898 credo
798 1874 870 1910 ego
902 1860 1132 1898 Panniculo.

225 1939 284 1963 res
314 1924 442 1962 uxoris
471 1924 578 1974 agit?
616 1938 675 1963 res
705 1926 802 1962 ullas
832 1924 1023 1974 crispulus
1053 1924 1154 1962 iste?

280 2004 338 2027 res
368 2003 448 2027 non
478 1988 617 2035 uxoriS,
650 2002 709 2027 res
739 1988 816 2038 agit
846 1989 918 2027 iste
948 1997 1044 2027 tuas.

726 2072 843 2108 LXII

228 2144 317 2180 Iure
347 2149 415 2179 tuo
445 2141 586 2178 nostris
616 2154 775 2178 maneas
805 2141 906 2187 licet,
939 2142 1093 2189 hospes,
1126 2140 1164 2177 in
1195 2139 1327 2185 hortis,

282 2206 310 2244 si
341 2214 452 2256 potes
483 2205 521 2242 in
552 2206 661 2243 nudo
690 2218 837 2254 ponere
868 2206 1044 2242 membra
1073 2206 1169 2251 solo,

272 2309 333 2339 LX
358 2320 375 2347 4
402 2319 420 2339 a
433 2308 484 2338 ΒΑ
501 2321 506 2339 ;
525 2309 557 2338 in
572 2308 619 2338 CA
680 2317 699 2345 5
724 2308 838 2338 urbem
852 2308 903 2337 BA
923 2308 1064 2338 :orbem
1078 2307 1125 2338 CA
1194 2308 1214 2337 8
1239 2307 1380 2347 derunt]
1397 2313 1496 2339 erunt
1508 2306 1560 2339 BA

274 2352 349 2382 LXI
378 2363 393 2391 7
419 2352 492 2390 agis
510 2351 557 2381 CA
577 2355 613 2381 ut
629 2351 692 2383 vid.
785 2352 892 2390 inquit
913 2351 966 2380 BA
1113 2361 1134 2389 9
1158 2350 1306 2389 proferat
1328 2350 1375 2380 CA
1524 2360 1559 2380 11

229 2401 300 2426 erat
320 2396 366 2426 CA
386 2399 421 2425 nt
438 2395 500 2426 vid.
523 2395 595 2436 <scd
609 2405 684 2425 eras
700 2395 751 2434 A)
889 2405 927 2424 12
952 2404 1018 2433 ego
1035 2404 1102 2425 om.
1123 2394 1170 2424 CA
1188 2398 1226 2424 ut
1241 2393 1303 2424 vid.
1323 2393 1412 2434 (hab.
1430 2393 1481 2436 A)
