1684 2763
839 152 1096 189 EPIGRAM
1106 154 1306 192 MATON
1342 155 1392 192 LI
1402 156 1444 192 B.
1477 156 1510 191 V

179 262 273 312 quid
304 270 466 313 prosunt
497 276 629 301 sacrae
658 262 829 313 pretiosa
858 263 1012 301 silentia
1042 263 1226 314 linguae?

232 328 420 378 incipient
450 341 589 366 omnes
619 342 688 378 pro
719 327 912 367 Cicerone
942 328 1061 378 loqui.

684 423 793 459 LXX

288 494 468 531 Infusum
500 492 571 531 sibi
604 507 728 543 nuper
756 507 778 530 a
808 500 974 542 patrono

287 559 460 608 plenum,
495 558 680 605 Maxime,
711 558 888 596 centiens
919 558 1093 608 Syriscus

288 623 325 660 in
356 623 558 662 sellariolis
587 637 706 674 vagus
736 623 893 674 popinis

287 688 389 726 circa
418 689 559 726 balnea
588 697 772 738 quattuor
801 688 959 738 peregit.

288 754 324 792 O
354 761 501 802 quanta
531 762 588 792 est
617 755 717 804 gula,
750 753 926 792 centiens
955 758 1160 793 comesse!
1496 770 1513 802 5

287 827 436 868 quanto
467 818 589 856 maior
617 820 759 866 adhuc,
792 833 864 858 nec
892 820 1108 858 accubare!

666 919 800 955 LXXI

183 989 328 1027 Vmida
357 1002 432 1038 qua
463 989 611 1038 gelidas
641 989 849 1027 summittit
879 991 1053 1028 Trebula
1082 992 1200 1028 valles

235 1062 273 1092 et
302 1053 434 1092 viridis
465 1053 595 1092 cancri
626 1054 828 1092 mensibus
857 1056 960 1104 alget
988 1068 1088 1104 ager,

181 1132 268 1157 rura
298 1120 500 1158 Cleonaeo
530 1131 748 1168 numquam
779 1126 967 1157 temerata
996 1120 1110 1157 leone

235 1192 273 1222 et
302 1185 446 1222 domus
475 1183 617 1222 Aeolio
647 1197 802 1234 semper
830 1183 957 1222 amica
987 1186 1096 1223 Noto

182 1258 230 1297 te,
266 1248 462 1295 Faustule,
494 1256 659 1287 vocant:
699 1250 835 1299 longas
866 1249 925 1287 his
955 1249 1064 1299 exige
1095 1263 1241 1288 messes
1494 1267 1510 1297 5

236 1314 427 1362 collibus3
466 1314 676 1352 hibernum
707 1313 784 1352 iam
816 1314 886 1353 tibi
918 1314 1043 1353 Tibur
1073 1314 1155 1352 erit.

665 1415 823 1452 LXXII

182 1485 261 1535 Qui
292 1484 419 1535 potuit
451 1484 597 1522 Bacchi
628 1492 792 1523 matrem
822 1484 966 1523 dixisse
995 1486 1232 1532 Tonantem,

235 1551 298 1589 ille
328 1557 456 1601 potest
488 1551 670 1588 Semelen
701 1549 842 1597 dicere,
878 1551 994 1598 Rufe,
1026 1558 1187 1600 patrem.

650 1644 831 1680 LXXIII

291 1716 384 1752 Non
414 1715 562 1752 donem
593 1713 662 1750 tibi
693 1726 761 1750 cur
791 1727 900 1751 meos
931 1713 1083 1751 libellos

290 1778 415 1817 oranti
446 1778 589 1816 totiens
619 1785 656 1816 et
685 1778 853 1828 exigenti

292 1843 449 1890 miraris,
482 1844 724 1881 Theodore?
783 1845 930 1893 Magna
959 1856 1077 1881 causa
1107 1851 1190 1881 est:

290 1910 415 1947 dones
445 1916 486 1946 tu
517 1908 613 1946 mihi
642 1922 692 1946 ne
722 1916 810 1946 tuos
839 1908 1004 1947 libellos.

655 2003 828 2039 LXXIV

183 2073 394 2123 Pompeios
424 2073 584 2110 iuvenes
615 2072 708 2110 Asia
737 2080 855 2122 atque
887 2074 1056 2121 Europa,
1089 2072 1159 2109 sed
1189 2071 1316 2121 ipsum

235 2147 334 2176 terra
363 2137 456 2188 tegit
488 2137 643 2186 Libyes,
673 2137 703 2175 si
734 2145 866 2175 tamen
897 2139 975 2174 ulla
1004 2136 1108 2186 tegit.

181 2203 275 2253 quid
306 2203 447 2240 mirum
478 2210 561 2240 toto
591 2202 622 2240 si
653 2202 843 2252 spargitur
872 2203 1000 2240 orbe?
1058 2203 1191 2240 Iacere

233 2281 313 2306 uno
343 2281 422 2305 non
454 2275 605 2317 poterat
635 2274 743 2305 tanta
773 2266 884 2304 ruina
913 2268 1014 2304 loco.

225 2370 338 2400 LXXI
370 2380 381 2399 1
408 2380 494 2409 quae
511 2370 564 2399 BA
697 2380 716 2409 5
742 2370 850 2400 fauste
867 2370 921 2399 BA
1011 2370 1065 2399 hic
1083 2368 1131 2398 CA

225 2413 374 2445 LXXIV
398 2413 471 2445 lmb.
495 2413 554 2444 TR
685 2424 704 2444 2
729 2425 759 2445 u.
779 2414 871 2453 uegit
890 2413 937 2444 CA
1071 2424 1089 2450 4
1116 2412 1209 2442 ruina
1226 2415 1319 2442 tanta
1336 2409 1390 2440 BA
