1684 2763
203 139 258 176 M.
290 139 413 177 VAL.
447 140 759 179 MARTIALIS

201 249 341 300 bisque
370 258 481 289 tuum
511 250 672 290 deciens
701 265 782 290 non
811 259 896 291 toto
925 253 1050 292 tabuit
1079 266 1211 292 anno:
1511 271 1526 302 5

254 315 319 355 dic
349 316 455 364 mth‚
487 330 568 356 non
597 319 674 357 hoc
703 326 772 365 est,
806 321 971 367 Munna,
1002 319 1126 370 perire
1155 320 1262 359 cito?

650 407 870 445 LXXXIII

204 476 311 513 Inter
340 483 448 513 tanta
477 483 567 515 tuae
596 476 791 524 miracula,
826 479 980 525 Caesar,
1013 479 1193 526 harenae,

255 553 356 590 quae
385 540 505 579 vincit
533 549 708 580 veterum
739 556 901 581 munera
930 544 1032 581 clara
1061 544 1220 590 ducum,

203 607 368 643 multum
399 606 514 653 oculi,
546 608 615 645 sed
646 608 732 657 plus
761 620 873 645 aures
903 608 1048 646 debere
1076 610 1246 647 fatentur

256 683 296 709 se
326 670 396 708 tibi
427 672 535 720 quod
565 680 743 722 spectant
773 672 839 722 qui
869 672 1030 712 recitare
1059 674 1196 712 solent.

652 761 867 798 LXXXIV

202 831 304 868 Cum
335 838 401 868 tua
430 830 637 880 sacrilegos
666 838 813 878 contra,
845 831 1045 878 Norbane,
1077 833 1223 870 furores

256 902 373 933 staret
402 909 472 946 pro
501 896 666 934 domino
697 897 864 936 Caesare
894 904 1029 934 sancta
1058 897 1167 944 fides,

204 959 300 996 haec
329 971 402 1007 ego
434 957 558 996 Pieria
588 958 775 997 ludebam
805 966 911 997 tutus
941 958 980 996 in
1010 959 1160 1006 umbra,

257 1022 320 1061 ille
350 1030 439 1062 tuae
469 1025 595 1061 cultor
625 1032 740 1062 notus
769 1023 976 1062 amicitiae.

206 1101 267 1126 ine
296 1087 367 1126 tibi
396 1088 613 1127 Vindelicis
646 1091 793 1127 Raetus
824 1089 1003 1127 narrabat
1033 1088 1072 1126 in
1102 1088 1178 1127 oris
1518 1105 1534 1135 5

259 1152 389 1191 nescia
419 1167 492 1192 nec
521 1153 641 1191 nostri
673 1153 842 1192 nominis
872 1156 1013 1192 Arctos
1043 1162 1147 1192 erat:

205 1232 228 1255 o
258 1217 440 1267 quotiens
470 1226 639 1257 veterem
671 1233 751 1257 non
782 1219 978 1257 inficiatus
1007 1218 1178 1257 amicum

259 1282 388 1320 dixisti
421 1285 561 1321 ‘Meus
591 1291 648 1321 est
679 1283 750 1321 iste
781 1291 908 1333 poeta,
941 1285 1102 1322 meusl’

206 1361 324 1386 omne
354 1347 424 1386 tibi
454 1356 630 1386 nostrum
662 1350 770 1398 quod
802 1349 860 1387 bis
890 1349 1086 1387 trieteride
1116 1348 1249 1387 iuncta

259 1421 350 1451 ante
380 1414 499 1451 dabat
529 1415 660 1461 lector,
693 1428 798 1452 nunc
828 1414 938 1452 dabit
967 1422 1103 1452 auctor
1133 1427 1243 1464 opus.
1499 1430 1537 1451 10

670 1502 859 1538 LXXXV

213 1570 448 1620 Languidior
478 1579 610 1609 noster
639 1571 670 1609 si
700 1572 861 1621 quando
891 1579 949 1610 est
980 1573 1134 1618 Paulus,
1168 1571 1273 1617 Atili,

261 1650 339 1674 non
370 1650 421 1682 se,
453 1636 637 1674 convivas
665 1636 836 1675 abstinet
864 1637 928 1675 ille
957 1650 1059 1674 suos.

208 1703 269 1738 'l'u
300 1702 486 1749 languore
515 1701 675 1750 quidem
707 1701 837 1740 subito
868 1703 1039 1751 fictoque
1069 1702 1232 1748 laboras,

261 1767 329 1804 sed
360 1779 447 1804 mea
476 1766 644 1815 porrexit
673 1768 856 1816 sportula,
891 1768 1020 1813 Paule,
1053 1767 1184 1816 pedes.

658 1854 869 1890 LXXXVI

213 1922 408 1960 Festinata
438 1922 495 1960 sui
525 1930 697 1971 gemeret
726 1924 835 1972 quod
865 1923 942 1960 fata
971 1922 1101 1961 Severi

263 1986 390 2033 Silius,
423 1987 602 2025 Ausonio
632 2001 712 2026 non
743 1990 862 2026 semel
893 2001 959 2026 ore
989 1995 1140 2037 potens,

257 2089 423 2120 LXXXII
449 2099 467 2128 5
493 2095 561 2120 tum
582 2090 630 2121 CA
727 2092 747 2120 6
772 2101 885 2122 nonne
901 2089 936 2121 N
1131 2090 1315 2121 LXXXIII
1341 2100 1360 2128 3
1383 2090 1486 2120 oculis
1503 2095 1537 2120 et

212 2135 244 2173 [i.
259 2145 282 2165 e.
304 2134 389 2164 oculi
407 2136 472 2172 set)
493 2134 542 2164 CA
631 2145 649 2172 4
675 2135 771 2164 setibi
790 2135 858 2174 (sic,
871 2139 907 2164 ut
923 2134 1002 2173 vid.)
1017 2135 1072 2172 qui
1090 2144 1138 2173 sp.
1158 2135 1207 2164 (ΣΑ
1356 2133 1536 2164 LXXXIV

211 2188 230 2217 3
256 2178 317 2207 hac
348 2177 395 2208 CA
463 2178 611 2207 umbram
631 2178 679 2207 CA
696 2182 732 2208 11t
747 2178 811 2208 vid.
901 2188 920 2217 5
948 2178 1075 2208 Raetus
1095 2178 1156 2216 gvcl
1172 2178 1323 2217 Moesus)
1340 2176 1538 2217 Rzatgm‘sius

211 2225 238 2251 ct
253 2221 431 2251 Heinsius:
459 2226 586 2251 mestus
603 2221 656 2250 BA
672 2234 678 2252 :
706 2227 818 2261 raptas
837 2222 885 2252 CA
1005 2222 1025 2251 6
1050 2222 1175 2252 nostris
1190 2222 1236 2252 CA
1361 2231 1382 2259 9
1405 2231 1471 2259 quo
1490 2221 1537 2251 CA

212 2265 323 2295 iuncta
334 2265 504 2294 veliuncto
516 2264 589 2294 BA:
606 2276 670 2295 θυι.
690 2265 738 2295 CA
831 2275 869 2295 10
893 2264 988 2295 lictor
1005 2264 1053 2295 vel
1068 2264 1174 2295 lector
1192 2264 1240 2294 CA
1375 2264 1538 2294 LXXXV

212 2308 283 2339 Ιιαὸ.
306 2308 336 2338 T
402 2319 414 2338 1
435 2308 539 2338 nostri
555 2307 603 2337 CA
681 2309 780 2347 paule
796 2309 883 2339 satili
907 2308 935 2339 T
1041 2318 1060 2337 2
1085 2309 1245 2338 conbibas
1258 2307 1306 2338 CA
1324 2308 1354 2348 gi.
1367 2318 1392 2339 e.
1411 2308 1536 2344 minas)

212 2362 231 2390 3
257 2352 452 2390 languorem
471 2352 554 2391 (fre)
571 2352 636 2381 cito
653 2352 762 2382 subito
781 2352 830 2381 CA
941 2351 1074 2383 labores
1095 2351 1144 2381 CA
1328 2362 1346 2389 4
1371 2350 1470 2390 paulo
1488 2350 1537 2381 CA

212 2396 332 2434 pedem
345 2395 399 2425 BA
620 2395 798 2425 LXXXVI
830 2406 841 2426 1
869 2394 895 2426 si
909 2395 956 2426 CA
1035 2405 1108 2426 cum
1124 2395 1176 2425 ΒΑ
1192 2406 1197 2424 z
1223 2395 1311 2433 quod
1327 2394 1376 2425 CA
1451 2395 1536 2425 facta

212 2439 265 2467 BA
396 2449 415 2468 2
440 2442 551 2477 potest
569 2438 616 2468 CA
