1684 2763
789 123 1251 160 EPIGRAMMA'I'ON
1290 125 1337 161 [11
1350 126 1385 160 ix.
1423 125 1496 160 VII

284 247 332 270 nc
361 233 625 271 suscensueris
656 234 760 271 velut
789 234 969 283 superbo.

284 306 320 335 te
352 312 420 347 pro
450 299 617 337 Caesare
646 299 775 337 debeo
806 311 964 347 rogare:

284 376 352 411 pro
383 376 445 401 inc
474 364 603 401 debeo
634 364 842 401 Caesarem
874 376 1016 412 rogare.

712 441 803 476 LXI

178 509 400 547 Abstulerat
432 517 553 547 totam
585 509 811 547 temerarius
842 509 995 548 institor
1030 511 1165 548 urbem

230 573 348 623 inque
377 588 449 612 suo
479 577 628 613 nullum
659 574 793 613 limine
822 575 940 613 limen
972 583 1061 613 erat.

177 638 318 676 iussisti
348 639 486 685 tenuis,
519 639 764 686 Germanice,
797 653 968 677 crescere
999 640 1115 683 vicos,

230 712 268 742 ct
300 707 419 743 modo
449 720 549 755 quae
580 708 701 744 fuerat
731 706 879 751 semita,
913 707 1013 743 facta
1043 705 1102 743 via
1132 714 1200 743 cst.

178 771 283 807 nulla
311 771 499 808 catenatis
530 770 606 820 pila
636 779 693 808 est
723 770 946 820 praecincta
976 770 1124 819 lagonis

232 848 303 872 nec
334 843 487 884 praetor
517 835 647 873 medio
678 835 828 885 cogitur
857 835 909 873 ire
941 837 1033 881 luto,

176 899 373 949 stringitur
402 900 440 937 in
470 901 593 938 densa
623 914 694 938 nec
724 914 841 938 caeca
872 901 1061 937 novacula
1092 901 1202 937 turba

230 973 397 1014 occupat
425 973 491 1002 aut
521 973 621 1003 totas
652 965 759 1014 nigra
788 964 933 1014 popina
963 964 1053 1002 vias.

177 1036 324 1075 tonsor,
353 1043 469 1078 copo,
497 1043 631 1075 cocus,
660 1029 784 1067 lanius
815 1042 884 1066 sua
914 1028 1048 1066 limina
1077 1038 1240 1066 servant.

230 1107 335 1131 nunc
367 1096 495 1132 Roma
524 1102 596 1141 est,
626 1107 748 1144 nuper
778 1107 918 1143 magna
947 1094 1108 1131 taberna
1138 1094 1218 1131 fuit.
1469 1111 1505 1133 ιο

717 1182 833 1218 LXII

178 1251 357 1290 Reclusis
388 1252 534 1290 foribus
563 1253 729 1302 grandes
759 1251 937 1301 percidiS‚
971 1251 1125 1298 Anime,

229 1324 267 1355 et
296 1325 333 1355 te
363 1317 566 1366 deprendi,
598 1331 687 1355 curn
718 1317 811 1355 facis
842 1316 924 1363 ista,
956 1316 1077 1365 cupis,

177 1396 225 1420 ne
255 1382 351 1432 quid
380 1382 506 1420 liberti
537 1389 691 1420 narrent
722 1381 899 1431 servique
930 1382 1078 1430 paterni

230 1455 267 1485 et
299 1447 405 1496 niger
434 1447 596 1496 obliqua
623 1446 845 1497 garrulitate
875 1446 1006 1484 cliens.

178 1513 270 1550 Non
302 1511 472 1561 pedicari
501 1526 542 1550 se
571 1512 638 1561 qui
668 1518 840 1557 testatur,
873 1511 1028 1557 AmiHe,
1487 1532 1503 1562 5

230 1577 326 1615 illud
357 1590 472 1626 saepe
501 1577 591 1615 facit
622 1577 731 1626 quod
761 1575 844 1614 sine
874 1583 971 1613 teste
1001 1576 1101 1614 facit.

714 1664 854 1700 LXIII

178 1734 360 1784 Perpetui
390 1748 605 1784 numquam
638 1733 824 1772 moritura
853 1733 1054 1771 volumina
1083 1734 1148 1772 Sili

231 1799 298 1848 qui
328 1799 420 1849 legis
450 1806 488 1837 et
518 1798 629 1836 Latia
658 1798 830 1836 carmina
859 1798 975 1848 digna
1007 1806 1108 1848 toga,

179 1864 325 1903 Pierios
354 1872 506 1902 tantum
536 1864 613 1902 vati
642 1864 834 1914 placuisse
864 1877 1037 1902 recessus

231 1929 356 1968 credis
386 1938 423 1968 et
453 1929 606 1967 Aoniae
637 1929 831 1967 Bacchica
860 1937 960 1967 serta
989 1932 1156 1969 comae?

179 2008 285 2033 sacra
315 1993 536 2032 cothurnati
566 2008 645 2032 non
675 1994 800 2043 attigit
829 2001 920 2031 ante
953 1994 1128 2032 Maronis
1488 2011 1503 2040 ,ι

232 2059 406 2108 implevit
436 2058 565 2108 magni
595 2072 714 2108 quam
744 2058 947 2098 Ciceronis
977 2072 1102 2108 opus:

226 2161 302 2192 LXI
329 2172 377 2192 vv.
398 2171 468 2201 1⁴4,
488 2171 574 2200 9—10
599 2161 671 2192 hab.
699 2161 728 2191 T
871 2168 890 2197 3
915 2161 1066 2199 germani
1095 2161 1142 2191 CA
1275 2170 1294 2199 5
1320 2160 1507 2200 praetincta

181 2206 280 2246 (·nta)
300 2205 372 2243 CA(
389 2215 453 2235 non
471 2205 519 2234 A*
617 2215 634 2245 7
660 2206 784 2235 densas
803 2204 851 2235 CA
931 2215 952 2244 9
976 2215 1084 2244 caupo
1102 2204 1161 2234 ΑΛ
1248 2215 1286 2234 10
1310 2209 1361 2234 est
1380 2204 1504 2243 nuper]

180 2259 237 2279 ero
263 2259 347 2278 nuae
371 2248 399 2277 T
702 2248 796 2278 LXII
826 2259 838 2278 1
867 2249 1007 2287 grandis
1031 2247 1065 2277 P
1218 2257 1244 2278 1.
1262 2257 1281 2286 5
1306 2247 1419 2277 anulle
1438 2246 1504 2276 CA:

182 2292 326 2322 Hamille
344 2291 578 2329 Frt'edlaender,
594 2291 675 2330 sort.
696 2297 770 2322 recte
867 2303 886 2322 2
912 2292 956 2321 ita
975 2291 1023 2321 CA
1110 2301 1128 2329 5
1155 2291 1311 2330 pedicare
1331 2292 1436 2329 mae-I
1459 2289 1506 2319 ,ΓΑ

179 2336 234 2373 qui
252 2345 289 2365 se
305 2335 358 2364 BA
375 2346 381 2364 z
404 2345 440 2365 se
458 2335 513 2374 qui
533 2334 580 2364 CA
848 2335 961 2366 LXIII
991 2345 1004 2366 1
1024 2334 1086 2365 soli
1103 2334 1158 2364 BA
1304 2344 1321 2371 4
1349 2333 1438 2363 credi
1459 2332 1504 2362 (ΖΑ

180 2388 198 2417 5
223 2379 354 2408 coturni
371 2378 423 2408 ΒΑ
555 2379 575 2408 6
599 2388 671 2408 cum
698 2378 745 2409 CA
