1684 2763
734 163 1203 203 EPIGRAMMA'I'ON
1236 165 1338 202 LIB.
1371 166 1429 203 XI

100 272 234 311 omnia
262 285 353 310 cum
383 272 453 311 tibi
483 271 560 310 sint
589 273 697 311 dono
727 285 917 310 concessa
946 273 1124 319 deorum,

153 339 185 377 si
213 339 323 388 quod
352 338 474 377 habes
504 351 585 377 non
615 338 684 386 vis,
713 351 806 388 ergo
835 337 931 388 quid
960 337 1162 389 accipies?

575 443 715 480 LVIII

99 526 201 563 Cum
233 538 296 562 me
325 526 424 563 velle
453 524 562 563 vides
596 532 841 574 tentumque,
873 525 1127 575 Telesphore,
1160 524 1290 571 sentis,

153 602 293 639 magna
322 597 584 640 rogas—puta
614 603 677 628 me
706 591 804 628 velle
834 602 998 639 negare:
1034 589 1123 628 licet
1136 591 1206 627 ?—

97 661 134 693 et
165 654 239 692 nisi
268 654 414 693 iuratus
443 654 522 693 dixi
553 655 705 702 ‘dabo,'
734 654 930 692 subtrahis
964 654 1062 702 illas,

152 719 381 769 permittunt
410 719 449 757 in
481 734 543 758 me
573 734 673 770 quae
704 719 774 758 tibi
804 721 937 767 multa,
969 719 1080 757 natis.

97 784 206 833 Quid
236 784 268 823 si
298 799 360 823 me
390 793 534 831 tonsor,
566 799 657 823 cum
687 784 819 823 stricta
848 786 1041 823 novacula
1069 798 1186 835 supra
1214 792 1283 832 est,
1411 802 1427 832 5

151 857 244 888 tunc
275 850 494 888 libertatem
524 850 759 900 divitiasque
789 852 930 900 roget?

100 915 354 961 Promitta1n3
394 929 522 965 neque
551 915 657 953 enim
688 923 796 965 rogat
826 915 892 953 illo
922 923 1099 965 tempore
1129 922 1276 962 tonsor,

152 982 248 1018 latro
278 988 410 1030 rogat3
449 994 507 1018 res
537 988 595 1018 est
625 980 821 1030 imperiosa
850 980 991 1018 timor:

96 1046 165 1084 sed
196 1044 309 1083 fuerit
338 1058 455 1083 curva
484 1058 574 1082 cum
606 1052 689 1083 tuta
718 1046 911 1083 novacula
940 1047 1064 1092 theca,

149 1112 322 1160 frangam
353 1109 501 1148 tonsori
530 1123 641 1148 crura
672 1123 891 1159 manusque
921 1109 1046 1147 simul.
1390 1126 1428 1148 10

98 1178 149 1213 At
179 1175 249 1214 tibi
280 1175 333 1213 nil
363 1175 515 1222 faciam,
547 1176 617 1213 sed
647 1176 727 1213 lota
756 1176 931 1213 mentula
961 1176 1049 1212 lana

147 1242 334 1288 λαικάζειν
362 1240 530 1291 cupidae
559 1239 664 1279 dicet
691 1239 885 1278 avaritiae.

604 1345 699 1382 LIX

94 1427 218 1464 Senos
249 1425 444 1464 Charinus
474 1424 659 1463 omnibus
689 1424 819 1475 digitis
847 1424 945 1475 gerit

148 1504 221 1529 nec
250 1498 366 1528 nocte
396 1490 507 1540 ponit
536 1491 676 1528 anulos

95 1568 166 1593 nec
196 1569 287 1593 cun]
317 1557 475 1593 lavatur.
536 1556 666 1594 Causa
695 1568 796 1605 quae
826 1554 874 1593 sit
904 1555 1120 1606 quaeritis?

150 1620 491 1670 Dactyliothecam
522 1633 601 1658 non
632 1620 762 1658 habet.

613 1730 686 1766 LX

92 1806 148 1844 Sit
180 1805 337 1856 Phlogis
367 1819 417 1843 an
448 1805 602 1845 Chione
633 1804 777 1843 Veneri
808 1804 929 1855 magis
959 1813 1050 1855 apta
1079 1805 1274 1856 requiris?

147 1870 351 1909 Pulchrior
379 1878 437 1909 est
468 1870 647 1918 Chione3
685 1871 755 1908 sed
786 1870 945 1920 Phlogis
975 1872 1086 1909 ulcus
1116 1872 1246 1919 habet,

92 1937 201 1974 uleus
232 1936 351 1974 habet
381 1935 523 1974 Priami
547 1936 661 1985 ‘quod
691 1936 852 1974 tendere
881 1935 1004 1985 possit
1032 1937 1179 1974 alutam

146 2002 334 2051 quodque
364 2014 499 2038 senem
530 2000 665 2038 Pelian
695 2013 776 2038 non
805 1999 906 2038 sinat
936 2014 1021 2039 esse
1050 2014 1197 2049 senem,

93 2067 202 2104 ulcus
232 2066 351 2104 habet
381 2066 489 2115 quod
519 2066 663 2103 habere
692 2078 802 2103 suam
832 2067 913 2103 vult
943 2065 1110 2116 quisque
1139 2068 1324 2116 puellam,
1406 2086 1423 2116 5

146 2131 254 2180 quod
285 2144 420 2168 sanare
451 2130 600 2178 Criton,
632 2143 714 2168 non
743 2131 851 2180 quod
883 2130 1014 2180 Hygia
1043 2139 1196 2181 potest:

137 2233 249 2264 LVIII
274 2244 322 2265 vv.
346 2243 429 2265 1-10
451 2234 524 2266 hab.
548 2234 577 2264 T
716 2244 735 2264 2
754 2239 836 2274 puto
859 2234 889 2265 T
1038 2247 1058 2275 4
1082 2245 1147 2274 qua
1167 2235 1197 2266 T
1290 2236 1353 2267 sibi
1375 2236 1423 2267 CA

94 2276 212 2316 multa]
231 2277 321 2307 nulla
343 2277 371 2307 T
385 2278 515 2317 tel-fort.
535 2276 610 2317 ΑΛ)
738 2288 757 2316 5
781 2289 854 2308 cum
872 2289 939 2310 om.
960 2278 990 2309 T
1082 2289 1187 2318 super
1204 2278 1254 2310 CA
1272 2280 1353 2318 (non
1370 2280 1422 2319 A)

93 2333 114 2361 9
139 2320 225 2361 tuta]
247 2325 303 2350 tua
325 2320 353 2350 T
464 2331 499 2351 11
526 2321 619 2361 lana]
645 2321 740 2352 laeua
755 2320 902 2362 Scaliger
1014 2332 1052 2352 12
1075 2321 1238 2362 λαικάζειν
1256 2322 1422 2353 Schneide-

96 2365 177 2395 win:
217 2363 346 2403 λαιτκζε
376 2364 409 2393 in
438 2363 516 2394 BA:
558 2365 699 2395 leicazin
729 2364 803 2395 CA:
841 2363 1006 2405 λειχάζειν
1032 2365 1203 2396 Domitius
1231 2366 1423 2398 Calderinus

94 2409 176 2439 dicit
192 2408 270 2439 BA:
297 2408 386 2438 dicet
405 2406 454 2437 CA
717 2408 778 2439 LX
804 2418 817 2438 1
845 2409 918 2439 chio
937 2409 1074 2439 ueneris
1092 2409 1141 2440 CA
