1684 2763
776 158 1031 194 EPIGRAM
1041 156 1241 194 MATON
1275 157 1326 193 LI
1337 157 1376 193 13.
1411 157 1490 193 XII

168 278 270 308 recta
302 269 429 316 Fides,
462 268 592 306 hilaris
623 268 854 314 Clementia,
887 276 1002 306 cauta
1036 271 1209 306 Potestas

222 335 297 372 iam
328 336 518 381 redeunt;
552 333 656 383 longi
687 341 794 382 terga
823 334 968 371 (ledere
1000 334 1144 370 Metus.

169 401 243 437 hoc
273 399 407 449 populi
437 406 653 448 gentesque
684 406 785 445 tuae,
818 397 881 448 pia
913 400 1051 443 Roma,
1085 406 1318 446 precantur:

221 466 298 502 dux
329 464 397 502 tibi
429 464 476 501 sit
506 477 661 513 semper
690 463 787 509 talis,
820 470 857 500 et
887 462 958 500 iste
989 462 1066 499 diu.

170 531 302 567 Macte
331 529 462 575 animi,
495 542 613 578 quem
644 542 749 566 rarus
779 529 915 575 habes,
946 540 1180 577 morumque
1209 534 1379 573 tuorum,

221 608 320 643 quos
351 595 493 640 Numa,
526 608 625 643 quos
656 593 785 631 hilaris
815 592 937 643 possit
968 593 1111 630 habere
1142 593 1252 630 Cato.

168 658 303 707 largiri,
336 667 542 708 praestare,
576 659 712 697 breves
743 659 952 696 extendere
983 671 1124 695 census

222 732 259 761 et
289 725 381 762 dare
411 738 512 773 quae
542 723 673 761 faciles
703 723 764 760 vix
794 723 962 761 tribuere
992 722 1066 768 dei,
1464 737 1500 758 10

170 803 274 826 nune
304 789 393 827 licet
423 797 460 826 et
491 790 546 826 sas
577 796 644 827 est.
705 790 782 827 Sed
814 796 854 826 tu
885 788 958 825 sub
988 787 1164 837 principe
1193 788 1292 825 duro

223 854 546 904 temporibusque
576 853 687 891 malis
715 866 833 891 ausus
863 866 903 891 es
934 866 1018 890 esse
1048 853 1187 890 bonus.

684 962 767 998 VII

277 1043 382 1080 Toto
411 1041 553 1080 vertice
583 1049 679 1091 quot
708 1041 804 1091 gerit
834 1041 995 1090 capillos

277 1120 402 1145 annos
432 1107 463 1144 si
493 1114 551 1145 tot
580 1108 699 1145 habet
729 1106 877 1156 Ligeia,
907 1106 1019 1144 trima
1050 1114 1117 1144 est.

670 1215 776 1251 VIII

279 1296 485 1333 Terrarum
517 1297 592 1334 dea
620 1295 876 1345 gentiumque
908 1297 1047 1343 Roma,

279 1360 341 1399 cui
371 1374 440 1410 par
469 1369 526 1399 est
556 1361 653 1398 nihil
683 1368 720 1399 et
750 1360 845 1397 nihil
876 1361 1107 1405 secundum,

279 1425 437 1463 Traiani
467 1427 588 1464 modo
618 1427 718 1464 laeta
747 1439 837 1463 cum
867 1426 1016 1462 futuros

280 1498 337 1528 tot
366 1504 434 1540 per
463 1492 619 1528 saecula
647 1498 879 1539 conputaret
908 1503 1044 1536 annOS,

281 1562 318 1592 et
347 1556 486 1592 fortem
517 1555 778 1604 iuvenemque
811 1554 1078 1604 Martiumque
1483 1569 1499 1598 5

282 1619 319 1656 in
350 1627 460 1657 tanto
489 1621 590 1657 duce
621 1619 783 1657 militem
813 1619 971 1665 videret,

282 1684 377 1722 dixit
406 1684 584 1734 praeside
613 1684 781 1733 gloriosa
811 1684 899 1722 tali:

285 1749 539 1786 ‘Parthorum
570 1762 749 1798 proceres
779 1750 980 1798 ducesque
1010 1749 1158 1794 Serum,

282 1815 466 1859 Thraces,
499 1815 762 1861 Sauromatae,
795 1815 931 1860 Getae,
964 1813 1151 1858 Britanni,

282 1891 443 1928 possum
473 1879 680 1917 ostendere
711 1879 919 1918 Caesarem
935 1893 944 1926 3
981 1877 1135 1916 'venite'
1467 1894 1504 1913 10

701 1990 759 2026 IX

178 2074 313 2110 Palma
341 2072 437 2122 regit
466 2080 634 2121 nostros>
663 2072 868 2111 mitissime
899 2074 1053 2120 Caesar,
1088 2073 1273 2120 Hiberos,

230 2146 267 2176 et
296 2137 453 2187 placido
482 2138 618 2176 fruitur
648 2140 727 2176 Pax
756 2138 959 2188 peregrina
987 2138 1088 2188 iugo.

223 2253 240 2281 7
265 2241 369 2272 habes
385 2241 462 2272 BA:
485 2242 586 2272 habet
612 2241 661 2272 CA
808 2242 828 2271 8
852 2247 970 2282 posset
993 2241 1066 2274 Ital.
1204 2252 1237 2272 11
1264 2243 1354 2272 hunc
1380 2241 1429 2272 CA
1454 2241 1502 2275 [H

173 2291 236 2326 pro
254 2285 301 2324 N)
385 2295 422 2315 12
446 2295 482 2316 es
500 2296 563 2316 om.
587 2285 636 2316 CA
655 2286 735 2326 (non
753 2284 808 2325 X)
970 2286 1034 2315 VII
1059 2286 1132 2317 hab.
1157 2286 1190 2317 T.
1236 2284 1318 2315 Post
1334 2285 1382 2315 III
1401 2286 1434 2314 in
1452 2284 1506 2313 ΒΑ

182 2339 195 2358 1
222 2329 307 2359 Tota
329 2328 358 2359 T
464 2339 482 2358 2
507 2329 584 2367 ligia
605 2329 651 2359 T:
676 2329 785 2368 legeia
802 2329 879 2359 BA:
903 2328 991 2367 ligea
1009 2329 1058 2358 CA
1257 2328 1339 2358 VIII
1365 2338 1383 2367 5
1409 2328 1505 2357 mari-

179 2377 315 2411 tumque
331 2371 386 2401 BA
474 2373 495 2401 6
518 2373 635 2402 ducem
654 2372 754 2413 (EA)
771 2373 820 2402 vel
834 2373 919 2402 duce
939 2371 1061 2412 [XsCA
1303 2371 1351 2401 IX
1380 2381 1392 2400 1
1420 2370 1505 2410 gerit

182 2415 230 2445 CA
248 2418 328 2456 (non
345 2414 377 2444 E
379 2416 391 2455 )
