1684 2763
790 167 1047 204 EPIGRAM
1056 167 1258 206 MATON
1290 168 1392 205 LIB.
1427 167 1486 206 IX

155 279 223 317 sed
255 279 304 317 de
334 279 431 316 valle
462 276 568 315 brevi
598 289 695 326 quas
725 277 792 315 det
822 275 1044 315 sitientibus
1073 277 1195 315 hortis

207 357 325 381 curva
353 343 548 381 laboratas
578 341 698 380 antlia
728 341 828 380 tollit
857 354 1006 391 aquas:

152 407 255 446 sicca
284 408 427 446 domus
457 406 630 456 queritur
660 407 769 444 nullo
798 419 839 444 se
869 419 954 444 rore
984 405 1116 453 foveri,
1469 423 1486 456 5

205 486 294 510 cum
325 471 421 509 mihi
451 470 581 509 vicino
614 470 764 509 Marcia
794 472 902 509 fonte
933 478 1057 509 sonet.

152 539 282 586 Quam
313 536 468 575 dederis
499 535 652 583 nostris,
684 537 873 585 Auguste,
906 536 1115 586 penatibus
1146 537 1305 583 undam,

205 601 371 641 Castalis
402 603 500 640 haec
530 600 645 639 nobis
674 608 740 639 aut
772 601 877 639 Iovis
908 600 1034 640 imber
1063 601 1144 640 erit.

652 701 753 738 XIX

260 771 415 808 Laudas
446 771 586 808 balnea
616 770 791 808 versibus
822 769 1004 809 trecentis

258 835 433 873 cenantis
464 835 566 874 bene
598 835 762 882 Pontici,
795 836 959 875 Sabelle.

259 899 314 938 vis
344 914 494 947 cenare,
528 901 694 948 Sabelle,
726 913 806 939 non
836 900 964 938 lavari.

667 1001 744 1036 XX

152 1071 275 1116 Haec,
308 1082 409 1118 quae
438 1076 520 1107 tota
548 1076 655 1119 patet
684 1069 904 1119 tegiturque
933 1077 971 1107 et
1001 1082 1194 1108 marmore
1224 1077 1262 1108 et
1290 1083 1396 1117 auro,

202 1134 360 1172 infantis
389 1133 541 1172 domini
571 1133 731 1172 conscia
759 1141 859 1172 terra
888 1134 970 1181 fuit,

148 1199 238 1237 felix
267 1212 301 1246 o,
334 1198 490 1249 quantis
520 1199 652 1237 sonuit
681 1198 875 1249 vagitibus
905 1206 943 1238 et
972 1212 1069 1249 quas

202 1263 297 1302 vidit
327 1263 514 1314 reptantis
544 1263 807 1313 sustinuitque
837 1277 1000 1302 manus:

149 1329 211 1368 hic
241 1336 399 1368 steterat
427 1331 651 1367 veneranda
680 1331 823 1368 domus
854 1343 954 1379 quae
983 1328 1173 1379 praestitit
1203 1329 1288 1368 orbi
1462 1347 1482 1379 5

202 1395 310 1444 quod
342 1396 508 1433 Rhodos
537 1394 724 1441 astrifero,
756 1396 865 1444 quod
894 1395 958 1444 pia
987 1396 1105 1434 Creta
1134 1395 1237 1444 polo.

151 1461 315 1498 Curetes
346 1467 475 1497 texere
506 1461 642 1497 Iovem
675 1459 956 1509 crepitantibus
990 1459 1119 1506 armis,

202 1523 370 1562 semiviri
399 1531 580 1573 poterant
610 1523 740 1573 qualia
768 1526 865 1563 ferre
895 1526 1092 1574 Phryges:

148 1598 186 1627 at
216 1598 254 1628 te
284 1588 451 1639 protexit
481 1602 665 1639 superum
696 1596 804 1639 pater
834 1597 871 1628 et
901 1589 982 1637 tibi,
1016 1590 1171 1636 Caesar,

204 1668 272 1704 pro
302 1654 431 1692 iaculo
461 1661 499 1692 et
527 1667 663 1703 parma
692 1655 841 1693 fulmen
871 1662 909 1693 et
937 1654 1042 1704 aegis
1072 1661 1163 1692 erat.
1442 1670 1482 1693 10

651 1755 751 1791 XXI

149 1823 419 1862 Artemidorus
449 1822 568 1861 habet
597 1836 762 1872 puerum
793 1824 862 1862 sed
891 1822 1070 1862 vendidit
1098 1836 1262 1873 agrum,·

200 1903 333 1939 agrurn
364 1901 434 1937 pro
464 1900 586 1936 puero
617 1888 866 1927 Calliodorus
895 1889 1025 1927 habet.

151 1954 224 1993 Dic
253 1962 338 1993 uter
366 1969 413 1994 ex
442 1955 523 1994 istis
554 1955 692 1994 melius
722 1967 803 1992 rem
833 1953 1004 2003 gesserit,
1036 1956 1187 1993 Aucte:

201 2020 472 2059 Artemidorus
500 2028 617 2068 amat,
649 2019 898 2060 Calliodorus
926 2026 1018 2058 arat.

191 2123 305 2154 XVIII
324 2134 343 2162 3
360 2134 443 2164 quas
457 2123 530 2164 det]
547 2135 646 2164 quam
658 2124 699 2155 de
710 2123 766 2153 ΒΑ
839 2134 857 2162 4
875 2123 962 2154 tollit
972 2122 1041 2154 BA:
1059 2123 1149 2154 ducit
1161 2122 1211 2154 CA
1279 2123 1299 2153 6
1314 2128 1412 2154 sonat
1425 2122 1473 2154 CA

147 2169 166 2196 8
191 2168 286 2197 nubis
306 2167 355 2198 CA

191 2210 277 2240 XIX
300 2221 318 2240 2
341 2215 463 2241 cenant
480 2211 508 2242 si
528 2210 577 2241 CA
667 2221 686 2250 3
711 2215 744 2241 et
762 2221 829 2241 non
848 2209 903 2240 BA
978 2209 1081 2240 labari
1101 2209 1150 2240 CA
1167 2213 1204 2240 nt
1217 2209 1279 2241 vid.
1302 2210 1333 2249 (i.
1348 2221 1369 2241 e.
1388 2209 1472 2248 law)

192 2253 258 2283 XX
283 2265 331 2285 vv.
350 2256 411 2284 1—6
427 2254 501 2285 lmb.
519 2255 548 2285 T
648 2265 660 2284 1
690 2255 764 2284 Hae
780 2253 830 2284 CA
897 2258 946 2283 tot
959 2253 1013 2283 ΒΑ
1080 2253 1295 2293 patetAACA
1311 2265 1318 2284 τ
1343 2253 1408 2284 late
1418 2253 1472 2283 BA

150 2297 319 2335 (prolatet
330 2298 354 2337 Ζ)
418 2308 437 2336 3
462 2298 481 2328 f.
498 2309 527 2328 ο.
543 2309 573 2337 q.
589 2297 673 2328 AA:
698 2309 727 2328 o.
743 2298 762 2328 f.
777 2308 806 2336 q.
820 2295 897 2327 EA:
922 2297 941 2327 f.
958 2308 988 2336 q.
1004 2296 1085 2335 (om.
1100 2298 1134 2337 o)
1153 2296 1201 2327 CA
1217 2297 1251 2337 (f.
1267 2307 1353 2336 quae
1370 2297 1473 2327 tantis

147 2338 192 2377 X,
204 2340 285 2379 etc.)
395 2351 413 2379 4
438 2342 619 2380 treptantis
637 2341 687 2371 CA
793 2350 812 2379 5
837 2341 988 2370 ueranda
1006 2340 1055 2371 CA
1144 2340 1215 2370 urbi
1239 2339 1347 2370 BACA
1453 2341 1474 2370 6

148 2383 203 2422 pia
226 2389 317 2414 creta
339 2383 434 2424 polo]
460 2385 609 2423 placeret
633 2385 732 2424 apolo
748 2384 803 2414 BA
823 2384 864 2423 (L
877 2389 937 2423 pro
954 2383 983 2421 Ι)
1118 2393 1135 2422 7
1160 2383 1355 2414 Cureexere
1373 2382 1470 2424 (EA)

147 2427 196 2457 vel
210 2427 304 2458 Curti
322 2431 438 2458 texere
456 2426 520 2469 (X)
540 2427 589 2458 CA
833 2427 917 2457 XXI
943 2427 1015 2458 lmb.
1040 2426 1070 2457 T
1174 2437 1193 2466 3
1217 2425 1351 2457 iusserit
1372 2425 1402 2457 T
