1684 2763
205 143 260 179 M.
293 142 415 179 VAL.
449 142 763 180 MARTIALIS

309 252 514 303 Amphion
542 252 670 303 potuit
698 254 828 303 puella
853 252 972 291 nasci.
1518 270 1534 301 5

312 319 470 356 Horum
500 317 660 356 delicias
690 317 994 368 superbiamque

312 390 350 421 et
378 383 499 421 fastus
528 384 723 433 querulos,
754 382 882 430 Avite,
914 385 1018 421 malo

312 461 431 497 quam
460 447 563 486 dotis
593 447 689 486 mihi
718 447 928 498 quinquies
957 449 1122 486 ducena.

674 553 847 588 LXXVI

206 630 409 679 Amphora
439 628 592 678 vigesis,
622 627 778 665 modius
808 627 922 665 datur
950 641 1039 665 aere
1068 635 1270 677 quaterno.

258 693 388 732 ebrius
418 701 456 731 et
485 694 628 731 crudus
659 692 712 729 nil
742 692 861 730 habet
890 691 1070 741 agricola.

665 780 861 816 LXXVII

315 855 452 894 Multis
482 857 577 894 dum
609 855 790 905 precibus
822 856 957 893 Iovem
989 856 1130 893 salutat

314 930 419 960 stans
449 934 625 959 summos
655 920 860 970 resupinus
891 933 1015 970 usque
1045 920 1084 957 in
1114 934 1264 970 ungues

313 988 473 1025 Aethon
503 986 542 1023 in
573 985 782 1035 Capitolio,
813 985 984 1035 pepedit.

316 1052 501 1090 Riserunt
531 1051 723 1097 homines,
756 1052 825 1089 sed
856 1051 938 1100 ipse
968 1050 1101 1089 divom

315 1118 487 1156 offensus
516 1116 668 1166 genitor
698 1115 906 1154 trinoctiali
1518 1133 1534 1163 5

313 1181 458 1220 adfecit
488 1180 714 1219 domicenio
744 1180 940 1218 clientem.

316 1249 409 1285 Post
438 1247 514 1284 hoc
544 1245 731 1295 flagitium
764 1245 935 1282 misellus
966 1246 1137 1291 Aethon,

314 1326 404 1350 cum
435 1313 516 1349 vult
547 1311 585 1348 in
617 1310 857 1360 Capitolium
888 1310 1029 1356 venire,

314 1379 427 1416 sellas
456 1385 547 1415 ante
577 1376 674 1426 petit
705 1375 967 1413 Paterclianas

315 1451 352 1481 et
382 1442 489 1492 pedit
519 1441 730 1490 deciesque
761 1440 968 1489 viciesque.
1499 1456 1536 1478 10

315 1508 384 1546 sed
416 1506 594 1557 quamvis
625 1506 698 1544 sibi
728 1505 870 1543 caverit
901 1506 1110 1555 crepando,

314 1572 548 1622 compressis
578 1571 735 1609 natibus
767 1572 902 1608 Iovem
933 1571 1085 1607 salutat.

658 1659 875 1696 LXXVIII

210 1736 274 1773 Nil
306 1735 344 1772 in
374 1743 411 1773 te
442 1734 587 1784 scripsi,
622 1733 841 1783 Bithynice.
899 1734 1069 1772 Credere
1100 1745 1179 1770 non
1211 1732 1266 1769 vis

262 1809 299 1839 et
329 1800 452 1838 iurare
482 1799 622 1837 iubes?
680 1801 789 1836 Malo
819 1798 1050 1835 satisfacere.

658 1886 831 1922 LXXIX

319 1962 474 2001 Donavi
503 1961 573 2000 tibi
604 1962 726 1998 multa
755 1974 856 2010 quae
885 1960 1054 2009 rogastig

317 2027 461 2066 donavi
492 2027 561 2065 tibi
591 2028 701 2076 plura
730 2039 848 2076 quarn
879 2025 1045 2074 rogasti:

254 2126 381 2156 LXXV
407 2136 423 2164 7
449 2125 536 2155 fastu
564 2124 613 2156 CA
821 2123 922 2153 Avite
954 2122 1134 2152 Heinsius:
1166 2122 1274 2152 amice
1302 2122 1353 2151 BA
1375 2134 1381 2152 :
1413 2122 1467 2152 aui
1490 2123 1538 2153 CA

210 2170 310 2200 mallo
328 2169 376 2199 CA
508 2171 528 2199 8
546 2169 691 2198 ducenta
702 2168 757 2197 BA
1088 2165 1233 2196 LXXVI
1258 2165 1332 2196 lzab.
1361 2166 1390 2196 T
1523 2176 1533 2195 r

210 2213 337 2243 uiceuis
349 2212 429 2242 AA:
454 2212 562 2251 uigesi
582 2211 610 2241 G
908 2209 1068 2239 LXXVII
1093 2220 1143 2241 vv.
1161 2219 1230 2248 1-3,
1247 2209 1321 2248 7-8,
1342 2219 1445 2238 11-12
1462 2209 1536 2239 hab.

215 2256 245 2287 T
347 2266 366 2285 2
383 2256 521 2286 summis
534 2255 583 2286 CA
686 2253 879 2293 resupinus]
903 2254 1034 2292 respice
1053 2263 1115 2283 nos
1138 2253 1167 2283 T
1295 2263 1315 2291 3
1332 2253 1469 2283 aethion
1489 2252 1537 2283 CA

210 2299 402 2339 capitolium
417 2299 466 2329 CA
536 2309 571 2328 11
599 2299 772 2337 crepando
785 2296 897 2328 AACA
915 2308 921 2327 ε
945 2297 1117 2335 precando
1130 2296 1185 2326 ΒΑ
1351 2295 1535 2326 LXXVIII

210 2343 282 2374 hab.
308 2342 342 2372 R
469 2352 481 2372 1
513 2343 545 2372 in
573 2342 621 2382 te]
648 2342 737 2371 inter
760 2340 815 2370 ΒΑ
956 2350 976 2369 2
1002 2340 1088 2370 male
1106 2340 1160 2369 R:
1186 2339 1284 2370 mallo
1303 2338 1352 2369 CA
1441 2340 1535 2369 satis<

210 2387 336 2417 faceret
363 2395 468 2425 usque
496 2385 528 2415 R
554 2385 654 2427 <illud
679 2395 785 2424 usque
812 2394 852 2414 ex
878 2387 955 2414 nola
986 2383 1168 2423 marginali
1196 2392 1301 2422 usque
1331 2382 1396 2413 huc
1425 2386 1535 2412 ortum

210 2429 348 2469 videtur)
