1684 2763
240 162 294 198 M.
326 159 447 196 VAL.
481 153 793 194 MARTIALIS

750 265 844 302 LIV

242 344 343 382 Cum
374 342 466 379 dare
496 351 575 376 non
606 336 752 386 possim
783 334 892 384 quod
921 330 1062 382 poscis,
1095 330 1221 376 Galla,
1251 333 1463 377 rogantem,

296 407 419 444 multo
449 402 674 453 simplicius,
706 401 829 446 Galla,
861 410 1001 448 negare
1030 402 1152 446 potes.

762 488 833 524 LV

245 565 365 613 Quod
395 573 644 612 quacumque
673 557 780 595 venis
811 557 1003 595 Cosmum
1033 552 1195 602 migrare
1225 557 1407 600 putamus

297 636 335 667 et
364 629 483 665 fluere
513 638 675 664 excusso
705 623 887 661 cinnama
916 621 1001 657 fusa
1028 618 1138 663 vitro,

246 695 338 732 nolo
368 690 578 742 peregrinis
607 690 762 738 placeas
793 685 873 731 tibi,
907 683 1044 729 Gellia,
1078 681 1200 730 nugis.

300 758 384 804 scis,
417 764 523 806 puto,
556 767 670 803 posse
701 764 832 789 meum
864 749 918 787 sic
948 749 1049 786 bene
1079 747 1183 785 olere
1213 756 1362 782 canem.

757 839 850 876 LVI

248 915 303 954 Sit
333 914 499 952 cisterna
530 911 624 949 mihi
655 923 773 959 quam
803 907 915 945 vinea
946 906 1049 943 malo
1080 905 1304 945 Ravennae,

301 993 392 1018 cum
422 977 568 1028 possim
601 977 725 1013 multo
755 974 924 1011 vendere
954 968 1074 1020 pluris
1104 979 1258 1017 aquam.

746 1061 862 1097 LVII

251 1136 427 1176 Callidus
456 1133 629 1184 inposuit
660 1144 784 1181 nuper
813 1128 907 1167 mihi
938 1139 1040 1176 copo
1072 1127 1308 1162 Ravennae:

305 1215 394 1240 cum
425 1207 597 1250 peterem
628 1197 807 1242 mixtum,
835 1192 1011 1231 vendidit
1041 1191 1104 1228 ille
1135 1201 1296 1227 merum.

736 1282 875 1320 LVIII

256 1359 402 1397 Baiana
431 1356 551 1395 nostri
582 1355 681 1397 villa,
716 1355 845 1398 Basse,
879 1348 1054 1388 Faustini

254 1437 333 1461 non
364 1422 499 1461 otiosis
529 1419 706 1458 ordinata
738 1415 910 1465 myrtetis

254 1488 451 1537 viduaque
480 1487 638 1535 platano
669 1481 879 1530 tonsilique
910 1479 1054 1516 buxeto

255 1553 403 1602 ingrata
431 1550 497 1589 lati
528 1548 650 1599 spatia
681 1546 830 1585 detinet
861 1542 1002 1592 campi,

256 1619 325 1656 sed
356 1630 440 1654 rure
470 1627 561 1653 vero
592 1613 836 1660 barbaroque
866 1610 1040 1646 laetatur.

256 1681 320 1719 1116
350 1682 444 1718 farta
474 1677 660 1728 premitur
688 1676 832 1724 angulo
864 1674 982 1711 Ceres
1013 1668 1120 1708 omni

258 1754 295 1785 et
325 1747 447 1783 multa
476 1745 613 1791 fragrat
643 1748 741 1778 testa
771 1737 930 1776 senibus
959 1732 1181 1775 autumnis;

259 1810 322 1848 1116
352 1816 440 1859 post
470 1806 715 1845 Novembres
746 1802 976 1840 imminente
1006 1799 1082 1836 iam
1113 1797 1252 1834 bruma

260 1888 363 1914 seras
393 1880 549 1923 putator
578 1869 759 1907 horridus
789 1867 902 1904 refert
931 1876 1036 1902 uvas.

260 1948 387 1978 truces
417 1937 455 1974 in
485 1937 562 1973 alta
591 1935 689 1971 valle
720 1930 898 1980 mugiunt
927 1927 1025 1966 tauri
1547 1933 1585 1955 10

261 2003 482 2050 vitulusque
512 1997 649 2036 inermi
679 1998 805 2034 fronte
834 1993 953 2044 prurit
984 1991 1023 2029 in
1053 2001 1235 2040 pugnam.

264 2075 421 2117 vagatur
451 2064 579 2103 omnis
609 2062 723 2100 turba
752 2059 934 2098 sordidae
964 2054 1120 2101 chortis,

310 2170 385 2201 LIV
409 2178 427 2198 2
453 2166 573 2197 multos
590 2165 644 2195 ΒΑ

310 2214 368 2244 LV
391 2212 463 2242 lzab.
489 2210 518 2240 T
645 2218 657 2238 1
684 2214 917 2246 quamcunque
938 2202 985 2233 CA
1010 2200 1085 2241 (pro
1102 2200 1201 2238 quac·
1211 2197 1238 2235 1)
1343 2199 1523 2233 putamque
1541 2191 1589 2222 CA

268 2268 286 2288 2
310 2256 399 2295 exo]
421 2254 545 2285 effusos
562 2252 616 2282 BA
762 2259 782 2287 3
807 2248 902 2279 cellia
918 2246 972 2276 ΒΑ
1103 2254 1123 2279 4
1147 2251 1204 2272 sus
1224 2239 1270 2270 CA
1290 2238 1324 2278 (u
1337 2243 1399 2278 pro
1415 2237 1458 2277 ci)

312 2299 385 2331 LVI
411 2298 484 2328 hab.
506 2296 534 2327 T
622 2305 635 2324 1
658 2293 757 2324 mallo
770 2290 881 2322 AACA
1056 2285 1146 2317 LVII
1171 2283 1244 2314 hab.
1265 2282 1295 2313 T
1373 2290 1386 2310 1
1408 2289 1515 2318 caupo
1531 2277 1591 2308 ΑΛ

313 2342 424 2374 LVIII
453 2351 465 2371 1
494 2339 620 2370 Baiana
645 2337 691 2367 CA
754 2334 841 2366 nosti
865 2334 918 2364 ΒΑ
1151 2329 1172 2358 6
1195 2325 1305 2358 somni
1336 2324 1383 2354 CA
1409 2324 1527 2364 (praec.
1558 2321 1587 2362 s)

272 2433 287 2460 7
316 2419 436 2451 multas
456 2417 501 2448 CA
637 2424 670 2443 11
699 2413 787 2453 purit
807 2412 854 2442 CA
871 2413 907 2441 ut
922 2408 985 2440 vid.
1009 2407 1087 2448 (pro
1103 2380 1179 2445 Erit,
1198 2404 1218 2435 i.
1233 2413 1256 2434 e.
1276 2401 1400 2442 prurit)
