<?xml version="1.0" encoding="UTF-8"?>
<!DOCTYPE html PUBLIC "-//W3C//DTD XHTML 1.0 Transitional//EN"
    "http://www.w3.org/TR/xhtml1/DTD/xhtml1-transitional.dtd">
<html xmlns="http://www.w3.org/1999/xhtml" xml:lang="en" lang="en">
 <head>
  <title>
</title>
<meta http-equiv="Content-Type" content="text/html;charset=utf-8" />
  <meta name='ocr-system' content='tesseract 3.04.00' />
  <meta name='ocr-capabilities' content='ocr_page ocr_carea ocr_par ocr_line ocrx_word'/>
</head>
<body>
  <div class='ocr_page' id='page_1' title='image "./epigrammatarecog00martuoft/epigrammatarecog00martuoft_0033.png"; bbox 0 0 1684 2715; ppageno 0'>
   <div class='ocr_carea' id='block_1_1' title="bbox 264 643 1148 827">
    <p class='ocr_par' dir='ltr' id='par_1_1' title="bbox 264 643 1148 827">
     <span class='ocr_line' id='line_1_1' title="bbox 306 643 1103 692; baseline 0.001 -1"><span class='ocrx_word' id='word_1_1' title='bbox 306 644 376 692; x_wconf 90' lang='lat' dir='ltr'>M.</span> <span class='ocrx_word' id='word_1_2' title='bbox 422 644 593 692; x_wconf 79' lang='lat' dir='ltr'><strong>VAL.</strong></span> <span class='ocrx_word' id='word_1_3' title='bbox 646 643 1103 692; x_wconf 76' lang='lat' dir='ltr'><strong>MARTIALIS</strong></span> 
     </span>
     <span class='ocr_line' id='line_1_2' title="bbox 264 778 1148 827; baseline -0.001 -1"><span class='ocrx_word' id='word_1_4' title='bbox 264 778 875 827; x_wconf 79' lang='lat' dir='ltr'><strong>EPIGRAMMATON</strong></span> <span class='ocrx_word' id='word_1_5' title='bbox 931 780 1148 826; x_wconf 82' lang='lat' dir='ltr'>LIBER</span> 
     </span>
    </p>
   </div>
   <div class='ocr_carea' id='block_1_2' title="bbox 641 941 658 977">
    <p class='ocr_par' dir='ltr' id='par_1_2' title="bbox 641 941 658 977">
     <span class='ocr_line' id='line_1_3' title="bbox 641 941 658 977; baseline 0 0"><span class='ocrx_word' id='word_1_6' title='bbox 641 941 658 977; x_wconf 99' lang='grc' dir='ltr'>Ι</span> 
     </span>
    </p>
   </div>
   <div class='ocr_carea' id='block_1_3' title="bbox 109 1009 1444 1514">
    <p class='ocr_par' dir='ltr' id='par_1_3' title="bbox 109 1009 1444 1514">
     <span class='ocr_line' id='line_1_4' title="bbox 109 1009 1193 1060; baseline -0.002 -11"><span class='ocrx_word' id='word_1_7' title='bbox 109 1014 310 1049; x_wconf 75' lang='lat' dir='ltr'><strong>BARBARA</strong></span> <span class='ocrx_word' id='word_1_8' title='bbox 341 1009 589 1060; x_wconf 79' lang='lat' dir='ltr'>pyramidum</span> <span class='ocrx_word' id='word_1_9' title='bbox 619 1010 731 1048; x_wconf 81' lang='lat' dir='ltr'>sileat</span> <span class='ocrx_word' id='word_1_10' title='bbox 762 1009 950 1048; x_wconf 87' lang='lat' dir='ltr'>miracula</span> <span class='ocrx_word' id='word_1_11' title='bbox 980 1010 1193 1060; x_wconf 76' lang='lat' dir='ltr'>Memphis,</span> 
     </span>
     <span class='ocr_line' id='line_1_5' title="bbox 161 1075 995 1126; baseline -0.001 -12"><span class='ocrx_word' id='word_1_12' title='bbox 161 1075 343 1126; x_wconf 84' lang='lat' dir='ltr'>Assyrius</span> <span class='ocrx_word' id='word_1_13' title='bbox 374 1075 490 1114; x_wconf 84' lang='lat' dir='ltr'>iactet</span> <span class='ocrx_word' id='word_1_14' title='bbox 521 1089 595 1114; x_wconf 89' lang='lat' dir='ltr'>nec</span> <span class='ocrx_word' id='word_1_15' title='bbox 626 1076 832 1125; x_wconf 83' lang='lat' dir='ltr'>Babylona</span> <span class='ocrx_word' id='word_1_16' title='bbox 860 1076 971 1113; x_wconf 89' lang='lat' dir='ltr'>labor</span> <span class='ocrx_word' id='word_1_17' title='bbox 986 1090 995 1123; x_wconf 77' lang='lat'><em>3</em></span> 
     </span>
     <span class='ocr_line' id='line_1_6' title="bbox 110 1140 1118 1191; baseline -0.001 -12"><span class='ocrx_word' id='word_1_18' title='bbox 110 1154 182 1179; x_wconf 90' lang='lat' dir='ltr'>nec</span> <span class='ocrx_word' id='word_1_19' title='bbox 211 1140 367 1178; x_wconf 88' lang='lat' dir='ltr'>Triviae</span> <span class='ocrx_word' id='word_1_20' title='bbox 397 1142 547 1191; x_wconf 88' lang='lat' dir='ltr'>templo</span> <span class='ocrx_word' id='word_1_21' title='bbox 577 1142 716 1179; x_wconf 86' lang='lat' dir='ltr'>molles</span> <span class='ocrx_word' id='word_1_22' title='bbox 746 1141 956 1178; x_wconf 75' lang='lat' dir='ltr'>laudentur</span> <span class='ocrx_word' id='word_1_23' title='bbox 988 1142 1118 1185; x_wconf 81' lang='lat' dir='ltr'>Iones,</span> 
     </span>
     <span class='ocr_line' id='line_1_7' title="bbox 163 1205 1096 1255; baseline 0 -11"><span class='ocrx_word' id='word_1_24' title='bbox 163 1206 383 1244; x_wconf 83' lang='lat' dir='ltr'>dissimulet</span> <span class='ocrx_word' id='word_1_25' title='bbox 414 1207 546 1244; x_wconf 82' lang='lat' dir='ltr'>Delon</span> <span class='ocrx_word' id='word_1_26' title='bbox 576 1205 763 1244; x_wconf 89' lang='lat' dir='ltr'>cornibus</span> <span class='ocrx_word' id='word_1_27' title='bbox 792 1219 858 1244; x_wconf 84' lang='lat' dir='ltr'>ara</span> <span class='ocrx_word' id='word_1_28' title='bbox 886 1207 1096 1255; x_wconf 86' lang='lat' dir='ltr'>frequens;</span> 
     </span>
     <span class='ocr_line' id='line_1_8' title="bbox 109 1271 1444 1321; baseline 0 -12"><span class='ocrx_word' id='word_1_29' title='bbox 109 1274 196 1309; x_wconf 71' lang='lat' dir='ltr'>aere</span> <span class='ocrx_word' id='word_1_30' title='bbox 226 1284 300 1309; x_wconf 91' lang='lat' dir='ltr'>nec</span> <span class='ocrx_word' id='word_1_31' title='bbox 329 1285 454 1309; x_wconf 86' lang='lat' dir='ltr'>vacuo</span> <span class='ocrx_word' id='word_1_32' title='bbox 484 1271 700 1321; x_wconf 81' lang='lat' dir='ltr'>pendentia</span> <span class='ocrx_word' id='word_1_33' title='bbox 731 1273 939 1309; x_wconf 82' lang='lat' dir='ltr'>Mausolea</span> <span class='ocrx_word' id='word_1_34' title='bbox 1428 1288 1444 1318; x_wconf 80' lang='lat'><strong>5</strong></span> 
     </span>
     <span class='ocr_line' id='line_1_9' title="bbox 165 1335 1107 1376; baseline 0 -2"><span class='ocrx_word' id='word_1_35' title='bbox 165 1336 348 1375; x_wconf 78' lang='lat' dir='ltr'>laudibus</span> <span class='ocrx_word' id='word_1_36' title='bbox 379 1335 590 1375; x_wconf 87' lang='lat' dir='ltr'>inmodicis</span> <span class='ocrx_word' id='word_1_37' title='bbox 621 1338 741 1376; x_wconf 82' lang='lat' dir='ltr'>Cares</span> <span class='ocrx_word' id='word_1_38' title='bbox 772 1336 811 1374; x_wconf 89' lang='lat' dir='ltr'>in</span> <span class='ocrx_word' id='word_1_39' title='bbox 841 1344 944 1374; x_wconf 81' lang='lat' dir='ltr'>astra</span> <span class='ocrx_word' id='word_1_40' title='bbox 972 1338 1107 1374; x_wconf 87' lang='lat' dir='ltr'>ferant.</span> 
     </span>
     <span class='ocr_line' id='line_1_10' title="bbox 113 1399 1086 1449; baseline 0 -12"><span class='ocrx_word' id='word_1_41' title='bbox 113 1399 241 1437; x_wconf 90' lang='lat' dir='ltr'>omnis</span> <span class='ocrx_word' id='word_1_42' title='bbox 271 1400 467 1438; x_wconf 84' lang='lat' dir='ltr'>Caesareo</span> <span class='ocrx_word' id='word_1_43' title='bbox 497 1399 601 1437; x_wconf 87' lang='lat' dir='ltr'>cedit</span> <span class='ocrx_word' id='word_1_44' title='bbox 631 1400 742 1438; x_wconf 92' lang='lat' dir='ltr'>labor</span> <span class='ocrx_word' id='word_1_45' title='bbox 771 1399 1086 1449; x_wconf 82' lang='lat' dir='ltr'>Amphitheatro,</span> 
     </span>
     <span class='ocr_line' id='line_1_11' title="bbox 166 1464 1057 1514; baseline 0 -12"><span class='ocrx_word' id='word_1_46' title='bbox 166 1478 288 1502; x_wconf 91' lang='lat' dir='ltr'>unum</span> <span class='ocrx_word' id='word_1_47' title='bbox 319 1478 390 1514; x_wconf 93' lang='lat' dir='ltr'>pro</span> <span class='ocrx_word' id='word_1_48' title='bbox 420 1464 572 1502; x_wconf 89' lang='lat' dir='ltr'>cunctis</span> <span class='ocrx_word' id='word_1_49' title='bbox 602 1466 706 1502; x_wconf 88' lang='lat' dir='ltr'>fama</span> <span class='ocrx_word' id='word_1_50' title='bbox 735 1466 918 1514; x_wconf 88' lang='lat' dir='ltr'>loquetur</span> <span class='ocrx_word' id='word_1_51' title='bbox 947 1478 1057 1514; x_wconf 86' lang='lat' dir='ltr'>opus.</span> 
     </span>
    </p>
   </div>
   <div class='ocr_carea' id='block_1_4' title="bbox 615 1565 657 1602">
    <p class='ocr_par' dir='ltr' id='par_1_4' title="bbox 615 1565 657 1602">
     <span class='ocr_line' id='line_1_12' title="bbox 615 1565 657 1602; baseline -0.024 0"><span class='ocrx_word' id='word_1_52' title='bbox 615 1565 657 1602; x_wconf 94' lang='lat' dir='ltr'>II</span> 
     </span>
    </p>
   </div>
   <div class='ocr_carea' id='block_1_5' title="bbox 116 1632 1449 2140">
    <p class='ocr_par' dir='ltr' id='par_1_5' title="bbox 116 1632 1449 2140">
     <span class='ocr_line' id='line_1_13' title="bbox 119 1632 1161 1684; baseline -0.002 -13"><span class='ocrx_word' id='word_1_53' title='bbox 119 1633 196 1672; x_wconf 88' lang='lat' dir='ltr'>Hic</span> <span class='ocrx_word' id='word_1_54' title='bbox 227 1633 294 1672; x_wconf 88' lang='lat' dir='ltr'>ubi</span> <span class='ocrx_word' id='word_1_55' title='bbox 325 1633 499 1672; x_wconf 87' lang='lat' dir='ltr'>sidereus</span> <span class='ocrx_word' id='word_1_56' title='bbox 529 1633 689 1684; x_wconf 89' lang='lat' dir='ltr'>propius</span> <span class='ocrx_word' id='word_1_57' title='bbox 719 1632 825 1672; x_wconf 89' lang='lat' dir='ltr'>videt</span> <span class='ocrx_word' id='word_1_58' title='bbox 854 1641 957 1671; x_wconf 88' lang='lat' dir='ltr'>astra</span> <span class='ocrx_word' id='word_1_59' title='bbox 986 1635 1161 1672; x_wconf 63' lang='lat' dir='ltr'>colossus</span> 
     </span>
     <span class='ocr_line' id='line_1_14' title="bbox 168 1698 1022 1748; baseline -0.001 -11"><span class='ocrx_word' id='word_1_60' title='bbox 168 1706 205 1737; x_wconf 88' lang='lat' dir='ltr'>et</span> <span class='ocrx_word' id='word_1_61' title='bbox 236 1707 416 1737; x_wconf 84' lang='lat' dir='ltr'>crescunt</span> <span class='ocrx_word' id='word_1_62' title='bbox 447 1698 578 1737; x_wconf 90' lang='lat' dir='ltr'>media</span> <span class='ocrx_word' id='word_1_63' title='bbox 607 1706 789 1748; x_wconf 79' lang='lat' dir='ltr'>pegmata</span> <span class='ocrx_word' id='word_1_64' title='bbox 818 1700 922 1737; x_wconf 90' lang='lat' dir='ltr'>celsa</span> <span class='ocrx_word' id='word_1_65' title='bbox 950 1698 1022 1745; x_wconf 90' lang='lat' dir='ltr'>via,</span> 
     </span>
     <span class='ocr_line' id='line_1_15' title="bbox 117 1763 899 1813; baseline 0 -11"><span class='ocrx_word' id='word_1_66' title='bbox 117 1763 310 1802; x_wconf 84' lang='lat' dir='ltr'>invidiosa</span> <span class='ocrx_word' id='word_1_67' title='bbox 339 1763 408 1802; x_wconf 88' lang='lat' dir='ltr'>feri</span> <span class='ocrx_word' id='word_1_68' title='bbox 438 1763 643 1802; x_wconf 84' lang='lat' dir='ltr'>radiabant</span> <span class='ocrx_word' id='word_1_69' title='bbox 673 1763 769 1802; x_wconf 87' lang='lat' dir='ltr'>atria</span> <span class='ocrx_word' id='word_1_70' title='bbox 798 1763 899 1813; x_wconf 85' lang='lat' dir='ltr'>regis</span> 
     </span>
     <span class='ocr_line' id='line_1_16' title="bbox 169 1829 1084 1878; baseline 0 -11"><span class='ocrx_word' id='word_1_71' title='bbox 169 1842 328 1878; x_wconf 89' lang='lat' dir='ltr'>unaque</span> <span class='ocrx_word' id='word_1_72' title='bbox 358 1829 435 1867; x_wconf 88' lang='lat' dir='ltr'>iarn</span> <span class='ocrx_word' id='word_1_73' title='bbox 465 1837 548 1867; x_wconf 87' lang='lat' dir='ltr'>tota</span> <span class='ocrx_word' id='word_1_74' title='bbox 577 1829 705 1867; x_wconf 89' lang='lat' dir='ltr'>stabat</span> <span class='ocrx_word' id='word_1_75' title='bbox 734 1829 773 1867; x_wconf 92' lang='lat' dir='ltr'>in</span> <span class='ocrx_word' id='word_1_76' title='bbox 804 1830 900 1867; x_wconf 90' lang='lat' dir='ltr'>urbe</span> <span class='ocrx_word' id='word_1_77' title='bbox 930 1830 1084 1867; x_wconf 89' lang='lat' dir='ltr'>domus.</span> 
     </span>
     <span class='ocr_line' id='line_1_17' title="bbox 116 1893 1449 1944; baseline 0 -12"><span class='ocrx_word' id='word_1_78' title='bbox 116 1893 179 1932; x_wconf 91' lang='lat' dir='ltr'>hic</span> <span class='ocrx_word' id='word_1_79' title='bbox 209 1893 277 1932; x_wconf 92' lang='lat' dir='ltr'>ubi</span> <span class='ocrx_word' id='word_1_80' title='bbox 307 1894 511 1944; x_wconf 85' lang='lat' dir='ltr'>conspicui</span> <span class='ocrx_word' id='word_1_81' title='bbox 541 1894 774 1933; x_wconf 88' lang='lat' dir='ltr'>venerabilis</span> <span class='ocrx_word' id='word_1_82' title='bbox 801 1893 1093 1944; x_wconf 91' lang='lat' dir='ltr'>Amphitheatri</span> <span class='ocrx_word' id='word_1_83' title='bbox 1434 1912 1449 1939; x_wconf 78' lang='lat'><strong>5</strong></span> 
     </span>
     <span class='ocr_line' id='line_1_18' title="bbox 171 1958 1016 2009; baseline 0.002 -13"><span class='ocrx_word' id='word_1_84' title='bbox 171 1958 328 2008; x_wconf 83' lang='lat' dir='ltr'>erigitur</span> <span class='ocrx_word' id='word_1_85' title='bbox 358 1961 494 2006; x_wconf 90' lang='lat' dir='ltr'>moles,</span> <span class='ocrx_word' id='word_1_86' title='bbox 527 1967 664 2009; x_wconf 86' lang='lat' dir='ltr'>stagna</span> <span class='ocrx_word' id='word_1_87' title='bbox 694 1959 865 1998; x_wconf 89' lang='lat' dir='ltr'>Neronis</span> <span class='ocrx_word' id='word_1_88' title='bbox 895 1967 1016 1998; x_wconf 87' lang='lat' dir='ltr'>erant.</span> 
     </span>
     <span class='ocr_line' id='line_1_19' title="bbox 118 2023 1079 2070; baseline 0.001 -9"><span class='ocrx_word' id='word_1_89' title='bbox 118 2024 181 2062; x_wconf 91' lang='lat' dir='ltr'>hic</span> <span class='ocrx_word' id='word_1_90' title='bbox 210 2023 278 2062; x_wconf 88' lang='lat' dir='ltr'>ubi</span> <span class='ocrx_word' id='word_1_91' title='bbox 308 2024 495 2062; x_wconf 89' lang='lat' dir='ltr'>miramur</span> <span class='ocrx_word' id='word_1_92' title='bbox 523 2024 674 2063; x_wconf 90' lang='lat' dir='ltr'>velocia</span> <span class='ocrx_word' id='word_1_93' title='bbox 703 2038 868 2063; x_wconf 91' lang='lat' dir='ltr'>munera</span> <span class='ocrx_word' id='word_1_94' title='bbox 896 2026 1079 2070; x_wconf 84' lang='lat' dir='ltr'>thermas,</span> 
     </span>
     <span class='ocr_line' id='line_1_20' title="bbox 171 2089 1047 2140; baseline 0.001 -13"><span class='ocrx_word' id='word_1_95' title='bbox 171 2089 384 2128; x_wconf 85' lang='lat' dir='ltr'>abstulerat</span> <span class='ocrx_word' id='word_1_96' title='bbox 414 2089 563 2128; x_wconf 86' lang='lat' dir='ltr'>miseris</span> <span class='ocrx_word' id='word_1_97' title='bbox 594 2098 697 2128; x_wconf 88' lang='lat' dir='ltr'>tecta</span> <span class='ocrx_word' id='word_1_98' title='bbox 726 2091 918 2140; x_wconf 88' lang='lat' dir='ltr'>superbus</span> <span class='ocrx_word' id='word_1_99' title='bbox 947 2103 1047 2140; x_wconf 84' lang='lat' dir='ltr'>ager.</span> 
     </span>
    </p>
   </div>
   <div class='ocr_carea' id='block_1_6' title="bbox 120 2190 1450 2277">
    <p class='ocr_par' dir='ltr' id='par_1_6' title="bbox 120 2190 1450 2277">
     <span class='ocr_line' id='line_1_21' title="bbox 162 2190 1450 2233; baseline 0 -11"><span class='ocrx_word' id='word_1_100' title='bbox 162 2192 266 2224; x_wconf 82' lang='lat' dir='ltr'>Hunc</span> <span class='ocrx_word' id='word_1_101' title='bbox 277 2193 430 2232; x_wconf 65' lang='lat' dir='ltr'>libellum,</span> <span class='ocrx_word' id='word_1_102' title='bbox 445 2194 503 2233; x_wconf 82' lang='lat' dir='ltr'>qui</span> <span class='ocrx_word' id='word_1_103' title='bbox 516 2195 523 2210; x_wconf 82' lang='lat'>‘</span> <span class='ocrx_word' id='word_1_104' title='bbox 534 2194 792 2232; x_wconf 77' lang='lat' dir='ltr'>spectaculorum</span> <span class='ocrx_word' id='word_1_105' title='bbox 804 2193 811 2206; x_wconf 87' lang='lat'><em>&#39;</em></span> <span class='ocrx_word' id='word_1_106' title='bbox 829 2197 969 2231; x_wconf 80' lang='lat' dir='ltr'>vocatur,</span> <span class='ocrx_word' id='word_1_107' title='bbox 983 2204 1049 2223; x_wconf 88' lang='lat' dir='ltr'>non</span> <span class='ocrx_word' id='word_1_108' title='bbox 1061 2192 1180 2222; x_wconf 73' lang='lat' dir='ltr'>habent</span> <span class='ocrx_word' id='word_1_109' title='bbox 1193 2190 1245 2221; x_wconf 74' lang='grc' dir='ltr'>ΒΑ</span> <span class='ocrx_word' id='word_1_110' title='bbox 1259 2191 1306 2222; x_wconf 69' lang='grc' dir='ltr'>ΕΑ</span> <span class='ocrx_word' id='word_1_111' title='bbox 1319 2203 1329 2227; x_wconf 82' lang='lat'><em>;</em></span> <span class='ocrx_word' id='word_1_112' title='bbox 1354 2191 1450 2222; x_wconf 61' lang='lat' dir='ltr'>creda.</span> 
     </span>
     <span class='ocr_line' id='line_1_22' title="bbox 120 2236 1181 2277; baseline -0.001 -11"><span class='ocrx_word' id='word_1_113' title='bbox 120 2237 196 2276; x_wconf 81' lang='lat' dir='ltr'>quia</span> <span class='ocrx_word' id='word_1_114' title='bbox 207 2241 423 2277; x_wconf 76' lang='lat' dir='ltr'>praecesserat</span> <span class='ocrx_word' id='word_1_115' title='bbox 439 2237 532 2267; x_wconf 76' lang='lat' dir='ltr'>titulo</span> <span class='ocrx_word' id='word_1_116' title='bbox 551 2237 594 2269; x_wconf 90' lang='lat' dir='ltr'>M.</span> <span class='ocrx_word' id='word_1_117' title='bbox 614 2237 688 2269; x_wconf 85' lang='lat' dir='ltr'>Val.</span> <span class='ocrx_word' id='word_1_118' title='bbox 710 2237 808 2268; x_wconf 87' lang='lat' dir='ltr'>Mart.</span> <span class='ocrx_word' id='word_1_119' title='bbox 830 2238 944 2276; x_wconf 84' lang='lat' dir='ltr'>Epigr.</span> <span class='ocrx_word' id='word_1_120' title='bbox 964 2237 1018 2267; x_wconf 87' lang='lat' dir='ltr'>lib.</span> <span class='ocrx_word' id='word_1_121' title='bbox 1036 2236 1048 2266; x_wconf 93' lang='lat'>1</span> <span class='ocrx_word' id='word_1_122' title='bbox 1067 2236 1181 2275; x_wconf 87' lang='lat' dir='ltr'>incipit</span> 
     </span>
    </p>
   </div>
   <div class='ocr_carea' id='block_1_7' title="bbox 120 2305 1453 2390">
    <p class='ocr_par' dir='ltr' id='par_1_7' title="bbox 120 2305 1453 2390">
     <span class='ocr_line' id='line_1_23' title="bbox 164 2305 1453 2347; baseline -0.003 -10"><span class='ocrx_word' id='word_1_123' title='bbox 164 2308 176 2337; x_wconf 97' lang='lat' dir='ltr'>I</span> <span class='ocrx_word' id='word_1_124' title='bbox 194 2308 268 2339; x_wconf 79' lang='lat' dir='ltr'>lzab.</span> <span class='ocrx_word' id='word_1_125' title='bbox 296 2307 326 2338; x_wconf 90' lang='lat' dir='ltr'><em>T</em></span> <span class='ocrx_word' id='word_1_126' title='bbox 411 2319 430 2338; x_wconf 86' lang='lat'>2</span> <span class='ocrx_word' id='word_1_127' title='bbox 448 2307 612 2347; x_wconf 81' lang='lat' dir='ltr'>Assyrius</span> <span class='ocrx_word' id='word_1_128' title='bbox 623 2309 795 2339; x_wconf 76' lang='lat' dir='ltr'>Alciatus:</span> <span class='ocrx_word' id='word_1_129' title='bbox 821 2308 976 2338; x_wconf 81' lang='lat' dir='ltr'>assiduus</span> <span class='ocrx_word' id='word_1_130' title='bbox 992 2307 1053 2337; x_wconf 59' lang='lat' dir='ltr'>Aa</span> <span class='ocrx_word' id='word_1_131' title='bbox 1141 2317 1160 2345; x_wconf 83' lang='lat'><strong>3</strong></span> <span class='ocrx_word' id='word_1_132' title='bbox 1180 2307 1278 2337; x_wconf 82' lang='lat' dir='ltr'>Iones</span> <span class='ocrx_word' id='word_1_133' title='bbox 1293 2305 1453 2344; x_wconf 63' lang='lat' dir='ltr'>Scalzger:</span> 
     </span>
     <span class='ocr_line' id='line_1_24' title="bbox 120 2348 1449 2390; baseline -0.002 -10"><span class='ocrx_word' id='word_1_134' title='bbox 120 2352 266 2382; x_wconf 84' lang='lat' dir='ltr'>honores</span> <span class='ocrx_word' id='word_1_135' title='bbox 282 2351 342 2381; x_wconf 68' lang='grc' dir='ltr'>ΑΑ</span> <span class='ocrx_word' id='word_1_136' title='bbox 445 2363 464 2390; x_wconf 89' lang='lat'>4</span> <span class='ocrx_word' id='word_1_137' title='bbox 492 2352 600 2382; x_wconf 86' lang='lat' dir='ltr'>Delon</span> <span class='ocrx_word' id='word_1_138' title='bbox 619 2353 662 2382; x_wconf 83' lang='lat' dir='ltr'>lo.</span> <span class='ocrx_word' id='word_1_139' title='bbox 680 2352 733 2383; x_wconf 85' lang='lat' dir='ltr'>Fr.</span> <span class='ocrx_word' id='word_1_140' title='bbox 756 2351 960 2383; x_wconf 78' lang='lat' dir='ltr'>Gronovius:</span> <span class='ocrx_word' id='word_1_141' title='bbox 987 2351 1085 2381; x_wconf 90' lang='lat' dir='ltr'>deion</span> <span class='ocrx_word' id='word_1_142' title='bbox 1110 2350 1154 2380; x_wconf 87' lang='lat' dir='ltr'>T:</span> <span class='ocrx_word' id='word_1_143' title='bbox 1180 2361 1245 2389; x_wconf 87' lang='lat' dir='ltr'>que</span> <span class='ocrx_word' id='word_1_144' title='bbox 1262 2350 1361 2379; x_wconf 86' lang='lat' dir='ltr'>deum</span> <span class='ocrx_word' id='word_1_145' title='bbox 1378 2348 1449 2377; x_wconf 77' lang='lat' dir='ltr'>Ital.</span> 
     </span>
    </p>
   </div>
   <div class='ocr_carea' id='block_1_8' title="bbox 119 2394 895 2434">
    <p class='ocr_par' dir='ltr' id='par_1_8' title="bbox 119 2394 895 2434">
     <span class='ocr_line' id='line_1_25' title="bbox 119 2394 895 2434; baseline 0 -10"><span class='ocrx_word' id='word_1_146' title='bbox 119 2396 139 2423; x_wconf 87' lang='grc'>8</span> <span class='ocrx_word' id='word_1_147' title='bbox 163 2394 320 2434; x_wconf 86' lang='lat' dir='ltr'>loquatur</span> <span class='ocrx_word' id='word_1_148' title='bbox 335 2395 408 2426; x_wconf 82' lang='lat' dir='ltr'><em>Ital.</em></span> <span class='ocrx_word' id='word_1_149' title='bbox 707 2395 737 2425; x_wconf 92' lang='lat'>11</span> <span class='ocrx_word' id='word_1_150' title='bbox 763 2396 838 2425; x_wconf 73' lang='lat' dir='ltr'>hal).</span> <span class='ocrx_word' id='word_1_151' title='bbox 866 2396 895 2425; x_wconf 89' lang='lat' dir='ltr'><em>T</em></span> 
     </span>
    </p>
   </div>
   <div class='ocr_carea' id='block_1_9' title="bbox 167 2445 1365 2480">
    <p class='ocr_par' dir='ltr' id='par_1_9' title="bbox 167 2445 1365 2480">
     <span class='ocr_line' id='line_1_26' title="bbox 167 2445 1365 2480; baseline 0.009 -2"><span class='ocrx_word' id='word_1_152' title='bbox 167 2459 272 2480; x_wconf 70' lang='lat' dir='ltr'><strong>MART.</strong></span> <span class='ocrx_word' id='word_1_153' title='bbox 293 2459 344 2480; x_wconf 79' lang='grc' dir='ltr'>ΕΡ.</span> <span class='ocrx_word' id='word_1_154' title='bbox 1354 2445 1365 2473; x_wconf 69' lang='lat'>1</span> 
     </span>
    </p>
   </div>
  </div>
 </body>
</html>
