1684 2763
238 163 292 199 M.
325 163 448 200 VAL.
481 162 794 200 MARTIALIS

235 271 265 310 si
295 279 333 310 te
361 274 507 322 praeda
535 272 640 311 iuvat
669 272 855 322 foedique
885 273 1035 311 insania
1064 273 1171 320 lueri,

289 350 366 386 qua
395 337 520 387 possis
550 337 687 376 melius
717 339 859 385 fallere,
891 351 1002 377 sume
1031 346 1173 388 togam.

674 455 811 491 XLIX
841 454 906 505 (L)

238 525 396 571 Quanta
426 522 606 573 Gigantei
636 531 874 562 memoratur
904 537 1039 562 mensa
1068 523 1253 573 triumphi

290 595 515 637 quantaque
544 601 621 625 nox
651 588 799 637 superis
830 588 1015 626 omnibus
1045 588 1109 626 illa
1138 588 1220 635 fuit,

237 665 313 701 qua
342 652 470 690 bonus
499 652 682 690 accubuit
711 652 863 701 genitor
891 665 981 690 cum
1011 653 1127 702 plebe
1156 654 1319 691 deorum

287 724 325 754 et
354 716 462 754 licuit
493 716 637 754 Faunis
666 730 827 766 poscere
857 717 946 755 vina
976 719 1137 755 Iovem:

236 788 342 818 tanta
372 788 457 818 tuas
487 781 695 827 celebrant,
730 781 884 828 Caesar,
916 781 1095 819 convivia
1124 783 1253 820 laurus
1270 796 1280 829 3
1544 798 1560 828 5

289 845 502 883 exhilarant
532 845 637 894 ipsos
665 845 808 894 gaudia
838 854 969 884 nostra
998 847 1104 884 deos

236 909 403 948 vescitur
432 909 560 947 ornnis
589 923 710 959 eques
740 918 871 948 tecum
901 912 1150 960 populusque
1179 918 1387 960 patresque

290 983 327 1012 et
356 974 459 1023 capit
488 974 703 1012 ambrosias
733 988 823 1013 cum
854 976 956 1013 duce
986 977 1117 1013 Roma
1145 977 1277 1025 dapes.

236 1039 397 1087 grandia
425 1039 621 1088 pollicitus
651 1047 800 1088 quanto
830 1039 977 1078 maiora
1005 1040 1172 1078 dedisti!

290 1103 480 1153 promissa
508 1111 565 1142 est
594 1104 709 1142 nobis
738 1106 921 1154 sportula,
954 1113 1057 1142 recta
1086 1106 1178 1143 data
1206 1113 1273 1143 est.
1525 1119 1562 1141 10

714 1220 746 1256 L
776 1218 869 1269 (LI)

238 1293 336 1342 Quis
367 1295 476 1332 labor
504 1294 543 1332 in
573 1294 732 1344 phiala?
769 1294 876 1332 docti
907 1296 1022 1343 Myos
1051 1307 1154 1333 anne
1185 1296 1405 1344 Myronos?

292 1359 485 1397 Mentoris
514 1360 611 1397 haec
641 1372 780 1396 manus
810 1366 868 1397 est
896 1372 957 1405 an,
991 1359 1189 1408 Polyclite,
1221 1361 1316 1397 tua?

237 1423 384 1461 livescit
414 1425 520 1461 nulla
549 1423 714 1473 caligine
743 1425 852 1461 fusca
880 1436 953 1461 nec
982 1423 1067 1461 odit

290 1490 552 1538 exploratores
581 1488 716 1526 nubila
746 1501 872 1525 massa
902 1489 1036 1535 focos3

237 1565 325 1591 vera
354 1553 483 1591 minus
512 1555 613 1591 flavo
642 1553 793 1591 radiant
822 1555 965 1591 electra
994 1554 1152 1591 metallo
1542 1570 1559 1601 5

290 1625 327 1656 et
357 1618 514 1655 niveum
544 1617 635 1655 felix
664 1619 819 1667 pustula
848 1617 967 1655 vincit
997 1618 1103 1655 ebur.

239 1682 421 1720 materiae
451 1696 531 1720 non
561 1682 665 1720 cedit
695 1695 820 1731 opus:
860 1681 915 1719 sic
944 1681 1075 1731 alligat
1104 1682 1251 1728 orbem,

290 1746 455 1795 plurima
484 1760 574 1784 cum
606 1754 686 1784 tota
716 1747 897 1795 lampade
926 1747 1019 1783 luna
1048 1746 1154 1784 nitet.
1258 1742 1266 1752 ’

237 1818 310 1848 stat
340 1824 455 1860 caper
484 1810 625 1848 Aeolio
655 1810 836 1848 Thebani
866 1812 1006 1848 vellere
1037 1810 1166 1847 Phrixi

291 1877 443 1913 cultus:
482 1876 532 1913 ab
562 1876 638 1912 hoc
668 1876 799 1912 mallet
829 1882 940 1912 vecta
969 1874 1086 1912 fuisse
1116 1888 1247 1921 soror3
1521 1891 1561 1913 10

238 1941 343 1977 hunc
373 1953 446 1977 nec
476 1939 695 1988 Cinyphius
724 1946 859 1976 tonsor
887 1938 1087 1976 violaverit
1116 1946 1153 1976 et
1183 1946 1224 1976 tu

290 2004 373 2054 ipse
403 2012 469 2041 tua
497 2003 604 2052 pasci
633 2003 721 2050 vite,
755 2005 892 2052 Lyaee,
924 2003 1029 2041 velis.

240 2078 345 2118 terga
374 2068 514 2118 premit
543 2067 706 2117 pecudis
735 2067 900 2117 geminis
930 2069 1055 2105 Amor
1082 2081 1222 2105 aureus
1251 2067 1331 2114 alis,

293 2133 491 2171 Palladius
522 2140 656 2170 tenero
686 2134 787 2170 lotos
816 2133 866 2169 ab
897 2146 962 2170 ore
992 2140 1130 2170 sonat:

282 2235 427 2265 XLVIII
452 2236 472 2265 8
495 2245 562 2274 quo
579 2235 607 2264 L
698 2234 805 2273 possit
824 2234 872 2264 CA

281 2279 395 2309 XLIX
419 2288 438 2316 5
463 2288 578 2309 caesar
596 2277 678 2317 tce)
697 2277 868 2307 celebrant
883 2276 938 2307 BA
953 2288 960 2307 z
983 2277 1131 2307 celebrat
1147 2287 1264 2307 caesar
1282 2276 1365 2317 (ce-)
1385 2276 1432 2306 CA

283 2321 309 2351 L
337 2331 349 2352 ι
377 2322 576 2352 docetimios
595 2321 643 2351 CA
759 2331 778 2350 2
802 2331 821 2351 a
839 2320 888 2351 CA
907 2322 984 2359 (pro
1000 2324 1028 2357 fi,
1047 2321 1098 2350 ste.
1112 2330 1153 2350 an
1168 2321 1191 2356 2)
1310 2329 1331 2358 3
1354 2319 1464 2358 lagine
1479 2319 1534 2349 ΒΑ
1552 2331 1558 2349 :

239 2365 392 2403 calligine
412 2364 460 2394 CA
591 2375 610 2403 4
635 2364 730 2394 focus
746 2363 801 2393 BA
929 2365 949 2393 6
973 2363 1117 2402 punsula
1132 2362 1187 2392 BA
1329 2373 1346 2402 7
1372 2363 1487 2393 urbem
1503 2362 1558 2392 BA

242 2418 279 2438 12
304 2408 418 2438 uitelia
436 2418 487 2438 ue.
509 2407 557 2438 CA
691 2417 728 2446 13
752 2416 855 2446 pecus
874 2405 923 2436 CA
1010 2407 1164 2445 geminus
1181 2404 1237 2436 ΒΑ
