1684 2763
766 143 1234 183 EPIGRAMMATON
1268 142 1370 178 LIB.
1404 140 1506 177 XIII

525 257 734 294 LXXVII.
772 255 897 304 Cycni.

176 340 318 379 Dulcia
346 340 502 378 defecta
531 339 757 376 modulatur
786 336 960 375 carmina
989 336 1121 386 lingua

228 413 405 444 cantator
434 417 580 454 cycnus
610 403 755 442 funeris
786 401 868 452 ipse
898 401 968 440 sui.

450 515 683 552 LXXVIII.
716 513 1011 563 Porphyriones.

177 599 336 635 Nomen
366 597 486 634 habet
517 595 647 645 magni
677 594 846 633 volucris
877 602 956 632 tam
987 607 1105 644 parva
1134 591 1333 643 gigantis?

229 671 267 700 et
296 675 444 700 nomen
475 661 621 711 prasini
652 660 933 711 Porphyrionis
963 660 1093 698 habet.

509 769 697 806 LXXIX.
727 768 856 805 Mulli
880 768 970 806 vivi.

177 850 304 901 Spirat
333 850 373 888 in
402 852 581 897 advecto,
613 851 682 889 sed
713 849 789 887 iam
821 849 939 899 piger,
971 861 1142 898 aequore
1172 848 1340 893 mussusg

230 916 457 966 languescit.
516 915 661 953 Vivum
692 916 744 954 da
772 928 901 953 mare:
941 913 1049 952 fortis
1079 912 1161 951 erit.

540 1028 702 1064 LXXX.
734 1027 938 1063 Murenae.

179 1112 292 1158 Quae
322 1116 430 1147 natat
460 1109 499 1146 in
530 1108 663 1147 Siculo
691 1107 850 1157 grandis
881 1119 1044 1144 murena
1073 1106 1282 1155 profundo,

232 1187 313 1212 non
343 1175 444 1212 valet
474 1181 651 1212 exustam
682 1186 856 1222 mergere
886 1173 968 1209 sole
998 1178 1141 1209 cutem.

539 1284 725 1321 LXXXI.
757 1283 933 1320 Rhombi.

289 1366 479 1415 Quamvis
509 1368 587 1404 lata
615 1373 722 1415 gerat
752 1366 896 1415 patella
924 1363 1150 1409 rhombum,

288 1432 478 1470 rhombus
508 1431 621 1469 latior
650 1438 708 1469 est
739 1437 870 1468 tamen
901 1429 1056 1479 patella.

547 1542 758 1579 LXXXII.
794 1541 942 1579 Ostrea.

185 1624 304 1662 Ebria
335 1623 484 1662 Baiano
514 1623 603 1662 veni
632 1624 754 1662 modo
785 1623 939 1660 concha
970 1619 1164 1659 Lucrino:

237 1689 370 1728 nobile
399 1702 505 1727 nunc
535 1688 623 1727 sitio
652 1687 849 1726 luxuriosa
877 1699 1025 1737 garum.

508 1799 743 1836 LXXXIII.
777 1798 960 1846 Squillae.

185 1883 399 1922 Caeruleus
429 1894 502 1919 nos
533 1880 632 1918 Liris
661 1887 777 1926 amat,
810 1892 929 1928 quem
959 1878 1055 1916 silva
1086 1877 1260 1916 Maricae

239 1946 429 1997 protegit:
465 1945 557 1984 hinc
587 1945 751 1996 squillae
782 1944 952 1983 maxima
981 1944 1095 1982 turba
1124 1956 1271 1982 sumus

232 2050 393 2081 LXXVII
411 2050 485 2081 hab.
508 2049 568 2081 TR
662 2060 673 2079 1
702 2049 833 2080 defacta
853 2048 932 2080 AA:
959 2049 1124 2079 deficiens
1141 2047 1215 2078 BA:
1242 2047 1374 2078 desecta
1394 2047 1441 2077 CA

233 2094 413 2125 LXXVIII
439 2094 509 2125 hab.
539 2094 568 2124 T
673 2104 686 2124 1
714 2093 864 2132 gigantis
887 2102 952 2124 om.
972 2093 1050 2125 AA:
1077 2092 1203 2122 cicadis
1221 2091 1270 2122 CA
1402 2101 1421 2120 2
1447 2100 1521 2129 pur>

189 2138 341 2178 purionis
360 2137 417 2177 CA,
428 2137 510 2177 fort.
530 2141 605 2168 recte

232 2181 383 2211 LXXIX
400 2181 473 2212 hab.
499 2181 528 2211 T
614 2190 627 2210 1
654 2176 847 2211 aueeto'BA
935 2179 1049 2210 nullus
1067 2182 1103 2209 ut
1118 2178 1183 2210 vid.
1201 2178 1249 2209 CA

234 2225 366 2255 LXXX
383 2225 458 2255 hab.
476 2224 507 2255 T
547 2233 716 2254 MVRENAE
738 2233 882 2254 MAGNAE
900 2222 930 2262 Q

235 2267 383 2299 LXXXI
402 2268 474 2299 lzab.
497 2268 526 2298 T
613 2278 625 2297 1
653 2268 766 2308 gerat]
786 2272 878 2298 cerat
897 2266 945 2297 T:
970 2272 1064 2306 regat
1080 2265 1136 2296 ΒΑ
1225 2275 1245 2294 2
1269 2269 1383 2294 tamen
1401 2269 1452 2294 est
1470 2263 1523 2292 ΒΛ

234 2311 403 2343 LXXXII
421 2312 492 2342 lzab.
513 2311 543 2342 T
630 2322 643 2342 1
668 2312 767 2342 modo
785 2311 864 2341 ueni
881 2310 960 2342 AA:
985 2311 1064 2341 ueni
1082 2310 1180 2340 modo
1197 2308 1305 2339 ΒΑΕΔ
1393 2306 1522 2338 lucrino

194 2354 277 2395 (Ls)
296 2356 344 2385 vel
358 2365 416 2386 -na
434 2354 635 2394 <PQF313A
735 2365 754 2384 2
778 2355 843 2385 sito
864 2354 911 2385 CA
1071 2352 1260 2383 LXXXIII
1278 2350 1351 2382 hab.
1380 2351 1409 2381 T
1509 2360 1519 2378 1

192 2400 284 2430 libris
304 2399 351 2429 CA
423 2408 523 2437 quam
539 2398 595 2428 ΒΑ
684 2408 703 2428 2
728 2397 806 2428 hinc
823 2398 884 2427 ΑΑ
901 2409 908 2428 :
932 2397 986 2428 hic
1002 2397 1076 2429 BA:
1103 2397 1194 2427 hunc
1213 2395 1262 2427 CA
