1684 2763
223 157 279 195 M.
311 158 433 196 VAL.
466 159 780 199 MARTIALIS

220 268 413 308 Tonantis
441 283 526 308 aras
556 271 783 322 horridique
813 271 969 320 Silvani,

218 346 315 382 quas
344 334 468 384 pinxit
497 335 586 385 agni
615 349 732 386 saepe
762 336 919 386 sanguis
948 345 1014 375 aut
1044 338 1171 384 haedi,

217 397 502 448 dominamque
531 399 655 438 sancti
685 399 873 450 virginem
903 401 1019 439 deam
1049 402 1196 452 templi,

217 469 255 501 et
284 476 403 513 quem
433 464 574 502 sororis
605 465 801 515 hospitem
830 465 940 504 vides
970 474 1100 504 castae

217 528 388 566 Martem
419 542 594 567 mearum
624 529 841 579 principem
874 532 1157 578 Kalendarum,
1512 550 1548 572 10

215 600 253 629 et
283 592 474 632 delicatae
503 595 678 632 laureum
709 608 849 632 nemus
880 596 1029 642 Florae,

216 656 255 694 in
285 659 393 707 quod
424 659 566 707 Priapo
596 666 857 708 persequente
886 659 1072 709 confugit.

216 723 309 760 Hoc
338 736 457 761 ornne
485 723 599 773 agelli
629 723 722 761 rnite
752 724 901 773 parvuli
931 738 1078 762 numen

213 799 281 824 seu
311 794 352 824 tu
383 800 519 826 cruore
549 787 629 825 sive
659 795 743 826 ture
772 788 971 837 placabis:

216 851 492 902 ‘Vbicumque
521 860 647 891 vester
678 853 868 891 Martialis
903 855 985 900 est,'
1015 854 1134 901 dices,
1504 870 1540 902 15

213 919 221 935 ⁶
239 917 311 954 hac
341 930 434 955 ecce
464 931 619 956 mecum
650 919 809 956 dextera
838 918 921 956 litat
949 919 1062 957 vobis

209 994 352 1031 apsens
382 984 566 1021 sacerdos
582 997 591 1030 3
628 997 696 1021 vos
727 992 861 1033 putate
890 991 1137 1033 praesentem

209 1054 247 1084 et
277 1047 367 1085 date
396 1048 553 1086 duobus
584 1048 778 1098 quidquid
808 1050 904 1087 alter
933 1049 1109 1099 optabit.'

695 1136 839 1173 XCIII

208 1214 248 1252 Si
277 1214 381 1264 prior
411 1217 629 1265 Euganeas,
663 1217 860 1263 Clemens,
893 1216 1126 1255 Helicaonis
1156 1230 1242 1255 oras

260 1279 444 1329 pictaque
474 1280 693 1330 pampineis
724 1281 865 1319 videris
894 1295 985 1319 arva
1014 1281 1122 1332 iugis,

207 1345 332 1393 perfer
361 1345 565 1383 Atestinae
596 1347 775 1384 nondum
806 1347 962 1395 vulgata
992 1346 1160 1385 Sabinae

259 1409 442 1455 carmina,
476 1423 669 1460 purpurea
699 1412 767 1448 sed
799 1412 920 1449 modo
950 1412 1054 1449 culta
1084 1419 1184 1460 toga.

205 1475 258 1511 Vt
288 1488 374 1512 rosa
403 1476 573 1513 delectat
604 1475 760 1513 metitur
789 1489 890 1525 quae
920 1475 1062 1525 pollice
1091 1475 1229 1525 primo,
1517 1493 1533 1523 5

259 1539 313 1577 sic
344 1553 445 1578 nova
475 1554 548 1578 nec
579 1548 714 1579 mento
744 1541 902 1579 sordida
931 1542 1065 1579 charta
1094 1540 1209 1578 iuvat.

687 1629 824 1666 XCIV

204 1709 296 1746 Non
327 1722 415 1747 mea
446 1711 642 1758 Massylus
673 1719 798 1748 servat
828 1709 1003 1759 pomaria
1033 1723 1202 1759 serpens,

256 1773 382 1822 regius
412 1774 568 1811 Alcinoi
599 1788 672 1812 ncc
703 1774 797 1811 mibi
828 1775 943 1812 servit
972 1788 1073 1824 ager,

201 1839 270 1876 sed
301 1839 554 1876 Nomentana
583 1852 741 1876 securus
770 1839 961 1888 germinat
990 1841 1124 1876 hortus

253 1903 403 1949 arbore,
435 1917 507 1941 nec
537 1905 660 1941 furem
691 1904 877 1953 plumbea
908 1905 1008 1941 mala
1038 1903 1186 1941 tinient.

202 1969 316 2006 Haec
345 1968 459 2017 igitur
489 1968 618 2006 media
647 1982 747 2018 quae
777 1976 867 2006 sunt
897 1969 1018 2007 modo
1048 1976 1138 2006 nata
1167 1968 1319 2006 Subura
1472 2017 1477 2021 .
1510 1985 1527 2015 5

254 2032 445 2070 mittimus
475 2033 654 2070 autumni
685 2047 797 2071 cerea
827 2047 945 2083 poma
976 2033 1063 2072 mei.

243 2130 342 2161 XCII
368 2141 385 2170 7
411 2131 565 2171 sanguis]
585 2132 706 2170 anguis
725 2131 775 2161 CA
897 2142 934 2161 12
957 2141 1023 2170 quo
1041 2131 1097 2162 ΒΑ
1194 2135 1456 2170 persequentem
1476 2130 1527 2161 CA

204 2174 268 2212 (-te
288 2174 331 2209 V)
424 2184 460 2212 13
486 2175 580 2204 mitte
600 2174 649 2204 CA
668 2178 745 2215 (pro
762 2175 858 2207 mite&
953 2177 992 2205 16
1009 2176 1072 2205 hac
1089 2173 1184 2205 Jtal.:
1209 2175 1293 2204 haec
1313 2174 1404 2214 (hec)
1422 2174 1522 2214 codd.‚

188 2217 272 2258 sort.
291 2221 367 2247 recte
457 2227 493 2256 17
513 2223 626 2257 potate
642 2218 690 2248 CA
710 2219 741 2255 (i.
757 2229 781 2249 e.
803 2220 932 2257 putate)
1025 2219 1064 2248 18
1087 2218 1210 2256 optarit
1225 2217 1364 2258 (obtarit
1377 2217 1416 2258 L,
1433 2223 1528 2257 opta-

199 2261 287 2291 uerit
303 2260 354 2297 F>
373 2261 422 2291 vel
436 2262 565 2299 optabit
585 2262 650 2301 (Ps,
670 2262 732 2291 -uit
750 2261 793 2302 Q)
811 2261 885 2291 BA:
910 2261 1037 2300 optabit
1056 2260 1105 2290 CA

240 2303 356 2334 XCIII
381 2315 400 2342 4
426 2305 514 2335 culta
540 2306 630 2346 <cum
655 2316 721 2335 var.
742 2305 805 2335 lect.
827 2305 918 2345 suta)
942 2310 1020 2343 toga
1039 2304 1088 2335 CA
1103 2308 1140 2334 ut
1161 2303 1224 2335 vid.
1245 2304 1350 2343 (succ-
1367 2303 1476 2344 ΕΑΓ,
1493 2314 1525 2335 c-

197 2379 290 2420 XVl,
309 2385 384 2412 suta
403 2381 476 2412 CV2
493 2381 566 2415 etc.)
585 2382 666 2421 (pro
682 2357 771 2412 giilta
787 2382 815 2422 3)
832 2393 838 2412 ε
862 2392 926 2412 om.
946 2381 1002 2411 ΒΑ
1094 2391 1113 2420 5
1138 2381 1272 2412 mettius
1291 2380 1340 2411 CA
1356 2380 1396 2421 (ti
1408 2385 1470 2420 pro
1485 2381 1523 2417 it,

195 2433 212 2454 s
224 2429 287 2464 pro
302 2426 332 2466 r)
445 2424 558 2455 XCIV
585 2435 598 2455 1
627 2425 710 2456 mica
729 2425 778 2455 CA
796 2426 878 2465 (pro
896 2435 969 2455 mea
984 2427 993 2456 ἓ
1018 2430 1108 2465 cpro
1124 2426 1157 2466 e)
1226 2434 1245 2463 3
1269 2424 1456 2455 isterminat
1474 2423 1523 2454 CA
