1684 2763
232 152 287 189 M.
320 151 441 188 VAL.
475 148 787 187 MARTIALIS

228 266 325 309 quot
354 258 528 309 graviora
557 258 704 297 cadunt
735 259 937 296 Nemeaeo
967 258 1142 307 pondera
1172 258 1375 294 monstro!

282 332 378 374 quot
408 332 474 362 tua
505 323 724 362 Maenalios
754 324 935 361 conlocat
965 323 1076 360 hasta
1105 325 1219 360 sues!

227 390 413 428 reddatur
441 388 471 426 si
501 402 632 438 pugna
662 387 799 438 triplex
829 386 993 437 pastoris
1026 386 1177 432 Hiberi,

282 461 340 492 est
370 453 439 492 tibi
469 454 537 503 qui
566 453 688 503 possit
717 452 873 491 vincere
904 454 1125 501 Geryonen.

228 531 343 568 saepe
372 518 462 556 licet
492 518 632 556 Graiae
662 525 886 555 numeretur
915 517 1030 555 belua
1060 518 1224 561 Lernae,

283 582 448 633 inproba
478 582 638 620 Niliacis
668 581 764 631 quid
794 582 884 619 facit
917 583 1055 630 Hydra
1085 580 1203 619 feris?

232 650 304 686 Pro
335 647 480 686 meritis
509 649 661 685 caelum
693 647 821 692 tantis,
853 649 1041 695 Auguste,
1074 647 1269 684 dederunt

284 713 447 751 Alcidae
477 712 555 750 cito
585 712 624 750 di
655 713 723 749 sed
755 711 824 749 tibi
855 725 941 749 sero
971 711 1135 748 dabunt.

692 794 823 830 LXVI

229 868 353 914 Saepe
383 866 571 902 salutatus
602 876 818 913 numquam
850 862 954 913 prior
983 862 1066 912 ipse
1096 863 1265 900 salutas:

282 930 337 968 sic
367 929 440 968 eris
470 931 699 975 Aeternum,
733 928 968 975 Pontiliane,
998 928 1108 966 Vale.

709 1013 865 1049 LXVII

233 1083 433 1121 Hibernos
463 1089 641 1132 peterent
672 1081 788 1119 solito
819 1094 909 1119 cum
941 1093 1049 1118 more
1079 1093 1254 1118 recessus

282 1147 477 1194 Atthides,
509 1147 548 1184 in
580 1147 682 1184 nidis
713 1160 791 1184 una
820 1145 1006 1184 remansit
1036 1144 1127 1182 avis.

228 1214 471 1262 deprendere
500 1213 608 1250 nefas
639 1213 689 1249 ad
721 1220 898 1261 tempora
928 1224 1045 1248 verna
1076 1223 1250 1248 reversae

282 1285 319 1316 et
350 1279 552 1327 profugam
582 1278 759 1314 volucres
790 1276 984 1325 diripuere
1014 1288 1118 1312 suae.

229 1355 314 1380 sero
344 1341 454 1380 dedit
484 1355 657 1391 poenas:
698 1340 865 1390 discerpi
896 1339 1012 1377 noxia
1041 1346 1163 1377 mater

282 1407 481 1453 debuerat,
515 1407 583 1444 sed
615 1414 708 1444 tunc
738 1419 828 1443 cum
859 1404 1041 1443 laceravit
1073 1405 1172 1453 Ityn.

231 1561 375 1597 Arctoa
404 1560 454 1597 de
483 1567 599 1608 gente
629 1571 784 1596 comam
816 1556 897 1603 tibi,
932 1556 1084 1601 Lesbia,
1118 1554 1215 1600 misi,

285 1632 326 1662 ut
355 1623 472 1661 scires
502 1631 652 1673 quanto
682 1622 729 1660 sit
761 1630 825 1660 tua
856 1623 954 1659 flava
984 1620 1116 1669 magis.

716 1706 850 1742 LXIX

233 1776 381 1814 Antoni
413 1775 555 1813 Phario
586 1775 681 1812 nihil
712 1774 913 1812 obiecture
945 1773 1115 1811 Pothino

284 1849 322 1879 et
351 1840 473 1878 levius
504 1840 636 1878 tabula
665 1853 783 1889 quam
815 1838 1008 1878 Cicerone
1038 1850 1212 1875 nocens:

232 1906 326 1956 quid
356 1904 528 1955 gladium
559 1906 722 1942 demens
756 1905 937 1941 Romana
968 1901 1121 1952 stringis
1151 1901 1189 1939 in
1220 1901 1316 1939 ora?

234 1986 237 1987 ⁷
287 1971 362 2007 hoc
391 1969 613 2007 admisisset
642 1982 716 2006 nec
748 1967 919 2006 Catilina
948 1969 1066 2005 nefas.

233 2035 375 2085 impius
406 2034 568 2072 infando
600 2033 710 2071 miles
740 2033 1002 2082 corrumpitur
1030 2045 1136 2078 auro,

286 2108 323 2138 et
353 2098 469 2137 tantis
499 2098 641 2148 opibus
671 2111 744 2135 vox
775 2105 877 2136 tacet
908 2110 985 2135 una
1015 2096 1097 2134 tibi.

1519 336 1558 358 10

275 2214 296 2243 9
319 2203 443 2233 maiora
460 2201 511 2231 BA
531 2201 584 2242 (cs.
602 2212 630 2231 v.
649 2202 682 2237 8)
857 2209 890 2229 11
918 2200 944 2230 si
962 2210 1026 2230 om.
1046 2199 1098 2229 BA
1280 2207 1317 2236 13
1340 2197 1475 2236 quidem
1493 2195 1564 2227 BA:

234 2247 312 2277 licet
331 2246 378 2276 (Ἀ

278 2289 387 2320 LXVI
414 2289 484 2318 lmb.
509 2287 567 2317 TR

278 2332 404 2363 LXVII
430 2332 503 2362 lmb.
528 2331 556 2361 T
664 2341 682 2360 2
707 2328 845 2360 atthidis
862 2329 915 2358 BA
1035 2339 1053 2366 4
1078 2327 1258 2366 deripuere
1278 2326 1387 2356 ΑΑίᾺ

233 2376 347 2406 ΑΑΝε
372 2386 452 2406 suae
469 2374 572 2404 ΒΑΕΔ
704 2376 725 2404 6
749 2373 917 2403 lacerauat
934 2371 962 2401 L
981 2375 1055 2402 ante
1070 2382 1147 2402 corr.

1471 2335 1563 2356 suan]

279 2419 421 2450 LXVIII
446 2418 520 2449 hab.
544 2418 572 2448 T
786 2415 899 2447 LXIX
925 2426 944 2445 2
968 2425 1069 2446 noces
1089 2414 1137 2445 CA
1283 2425 1302 2452 4
1320 2412 1482 2444 mississet
1499 2411 1530 2442 E
