1684 2715
848 129 1317 167 EPIGRAMMATON
1349 129 1401 166 LI
1410 130 1451 165 Β.
1489 131 1500 165 l

167 239 350 277 nimirum
383 239 513 277 timuit
543 247 696 278 nostras
728 238 904 277 Fortuna
934 241 1123 289 querelag

219 319 321 354 quae
350 319 419 355 par
448 313 528 343 tam
560 318 727 354 magnae
756 319 837 343 non
869 313 950 343 erat
980 304 1161 342 invidiae.
1469 323 1503 342 ic

167 372 286 409 Nunc
316 379 354 409 et
384 372 531 409 damna
561 370 721 418 iuvant3
760 378 851 408 sunt
882 370 966 420 ipsa
996 370 1169 420 pericula
1199 370 1320 409 tanti:

219 436 361 475 stantia
390 450 471 474 non
502 444 683 486 poterant
713 443 816 474 tecta
846 436 1012 486 probare
1041 437 1150 474 deos.

671 525 779 561 XIII

164 597 284 633 (Iasta
312 608 384 633 suo
413 594 589 644 gladium
619 608 711 633 cum
742 596 911 633 traderet
941 595 1055 633 Arria
1086 597 1218 642 Paeto,

218 674 336 711 quem
367 662 418 699 de
446 660 662 699 visceribus
693 660 897 699 strinxerat
927 661 1011 711 ipsa
1040 661 1130 708 suis,

166 726 227 765 ‘Si
258 740 336 776 qua
366 727 476 773 fides,
508 728 649 764 vulnus
680 727 789 776 quod
819 726 894 764 feci
924 740 1004 765 non
1035 727 1168 773 dolet,'
1198 726 1336 776 inquit,

220 793 312 831 ‘sed
343 800 383 830 tu
414 793 523 842 quod
554 791 683 839 facies,
716 793 793 832 hoc
824 791 930 839 mihi,
965 794 1094 839 Paete,
1128 793 1260 830 dolet.’

678 882 779 917 XIV

167 951 349 998 Delicias,
382 953 538 997 Caesar,
570 953 759 1000 lususque
789 951 979 1000 iocosque
1008 952 1170 988 leonum

216 1017 522 1056 vidimus—hoc
551 1016 670 1055 etiam
701 1024 871 1066 praestat
901 1017 1048 1054 harena
1077 1015 1199 1054 tibi—

162 1097 252 1121 cum
283 1096 448 1133 prensus
479 1083 628 1120 blando
658 1081 802 1120 totiens
832 1095 854 1119 a
884 1083 1004 1120 dente
1034 1081 1176 1120 rediret

216 1156 254 1186 et
284 1162 352 1199 per
380 1156 515 1198 aperta
543 1161 664 1198 vagus
693 1155 863 1185 curreret
893 1160 961 1185 ora
990 1148 1112 1197 lepus.

163 1215 281 1252 Vnde
311 1221 440 1263 potest
469 1213 608 1251 avidus
639 1221 777 1262 captae
807 1214 870 1251 leo
900 1226 1059 1262 parcere
1089 1213 1288 1262 praedae?

215 1281 284 1318 sed
315 1288 447 1318 tamen
478 1293 563 1318 esse
593 1287 683 1317 tuus
713 1278 879 1317 dicitur:
918 1292 1009 1329 ergo
1039 1285 1180 1328 potest.

674 1367 751 1404 XV

163 1441 199 1477 ()
229 1438 325 1476 mihi
355 1446 444 1488 post
474 1440 615 1485 nullos,
649 1437 735 1484 Iuli,
769 1437 1027 1475 memorande
1057 1437 1223 1483 sodales,

215 1504 246 1542 si
276 1504 372 1554 quid
402 1506 520 1554 longa
549 1505 647 1542 fides
677 1516 857 1552 canaque
888 1502 970 1540 iura
998 1503 1141 1548 valent,

162 1569 220 1608 bis
250 1569 327 1608 iam
358 1583 484 1620 paene
514 1568 585 1607 tibi
615 1570 754 1607 consul
785 1567 1032 1606 tricensimus
1062 1566 1191 1614 instat,

215 1643 253 1674 et
282 1645 462 1675 numerat
492 1648 640 1685 paucos
670 1634 732 1671 vix
762 1641 828 1672 tua
857 1632 936 1671 vita
964 1632 1060 1671 dies.

161 1714 240 1739 non
270 1700 373 1739 bene
402 1699 599 1739 distuleris
628 1699 762 1738 videas
792 1712 894 1748 quae
923 1712 1040 1749 posse
1070 1697 1212 1747 negari,

214 1774 251 1803 et
281 1767 409 1804 solum
440 1767 516 1804 hoc
546 1766 679 1812 ducas,
712 1765 821 1814 quod
851 1763 934 1811 fuit,
966 1777 1051 1802 esse
1081 1771 1204 1801 tuum.

160 1839 388 1881 exspectant
418 1844 615 1881 curaeque
644 1829 896 1880 catenatique
927 1829 1093 1876 labores,

213 1896 356 1946 gaudia
385 1910 467 1935 non
496 1904 711 1943 remanent,
744 1897 814 1934 sed
844 1894 1005 1945 fugitiva
1034 1895 1177 1932 volant.

162 1963 260 2000 haec
290 1971 454 2012 utraque
484 1975 605 2000 manu
636 1963 913 2011 conplexuque
942 1961 1080 1998 adsere
1110 1967 1218 1997 toto:

213 2040 330 2076 saepe
360 2029 487 2065 fluunt
516 2027 597 2065 imo
627 2027 682 2065 sic
711 2040 872 2076 quoque
901 2027 1010 2076 lapsa
1039 2024 1138 2063 sinu.
1458 2040 1496 2061 ιο

161 2106 241 2131 non
271 2100 340 2139 est,
373 2093 490 2131 crede
521 2092 626 2139 mihi,
660 2091 847 2142 sapientis
877 2091 1009 2130 dicere
1043 2090 1251 2128 ‘Vivam'z

214 2171 299 2196 sera
328 2157 445 2195 nimis
475 2157 553 2196 vita
582 2165 640 2196 est
670 2157 862 2196 crastina:
904 2156 990 2194 vive
1020 2155 1150 2194 hodie.

202 2244 269 2274 XII
299 2255 337 2274 10
361 2245 522 2285 partam]
542 2249 637 2284 parta
654 2244 709 2274 BA
727 2246 800 2283 (seq.
822 2244 869 2283 m)
1002 2253 1039 2272 12
1065 2243 1164 2272 deum
1182 2241 1241 2270 ΛΑ
1257 2253 1263 2271 :
1288 2241 1371 2270 deos
1387 2241 1493 2270 ΒΑΕΔ

202 2288 287 2318 XIII
313 2288 384 2319 hab.
410 2288 440 2318 T
510 2288 597 2318 Cum
615 2288 683 2318 XII
701 2288 793 2326 confl.
810 2287 865 2317 ΒΑ
998 2296 1017 2315 2
1042 2286 1227 2316 strinxerat
1243 2284 1379 2315 AABA:
1406 2290 1493 2314 trax—

158 2337 229 2361 erat
249 2332 297 2362 CA
431 2342 451 2370 3
474 2332 551 2362 fecit
568 2331 624 2361 BA
757 2342 775 2369 4
800 2331 890 2370 quod
910 2336 944 2360 tu
962 2329 1098 2360 AACA:
1123 2334 1157 2359 tu
1174 2329 1264 2367 quod
1282 2328 1337 2357 BA

202 2375 283 2405 XIV
305 2374 378 2405 hab.
404 2375 434 2404 T
562 2386 580 2405 2
605 2375 667 2405 hoc
684 2375 818 2405 AACA:
843 2375 905 2404 hos
923 2373 978 2402 ΒΑ

202 2418 266 2448 XV
293 2429 306 2448 1
326 2419 461 2450 sodales
479 2419 556 2451 BA:
581 2419 707 2449 sodalis
727 2418 776 2448 CA
908 2427 927 2455 5
951 2417 1041 2455 quod
1058 2416 1133 2446 BA:
1168 2425 1252 2454 quae
1273 2413 1321 2444 CA
1459 2423 1495 2442 10

160 2463 267 2492 fluunt
282 2462 338 2492 BA
356 2465 446 2502 <cum
464 2462 566 2503 XC):
592 2463 697 2492 fluent
716 2461 764 2491 CA
783 2461 872 2500 (cum
891 2460 949 2501 M)
