1684 2715
656 124 982 183 PRAEEATIO

150 236 235 273 ‘Ita
268 234 307 272 in
341 236 427 273 MS.
459 235 634 284 quodam
667 233 742 284 legi
776 241 868 272 sunt
902 234 971 284 qui
1002 236 1220 283 affirment,’
1255 237 1489 288 plerumque

147 307 279 339 tamen
300 300 398 338 nihil
419 299 527 338 dixit.
588 301 760 338 Possunt
781 313 876 338 sane
896 300 1047 350 aliquot
1067 314 1201 339 earum
1223 315 1270 339 ex
1290 304 1331 340 R
1350 303 1489 341 codice

148 364 233 416 (per
253 364 506 415 Scaligerum,
529 363 643 415 puta)
663 371 731 402 aut
752 378 799 403 ex
825 364 1123 413 Tmanavisse;
1158 379 1254 405 cave
1278 373 1411 405 tamen
1439 380 1490 405 ne

146 431 249 469 hanc
287 432 349 469 vel
388 430 495 468 illam
535 429 745 480 deperdito
784 429 934 480 primae
973 430 1144 469 familiae
1178 431 1307 470 codici
1343 439 1490 471 temere

145 498 298 535 referas.
359 498 463 534 Nam
499 495 670 546 optimas
705 495 895 534 lectiones
930 509 1218 547 saepenumero
1252 497 1292 535 in
1324 497 1488 536 noviciis

147 562 256 600 Italis
283 561 477 600 Martialis
499 561 706 600 codicibus
727 561 885 611 reperiri
906 562 993 612 quis
1014 562 1200 612 ignorat?

199 626 369 679 Ital(os)
403 627 524 666 libros
554 634 732 665 recentes
763 640 831 665 cur
860 628 1020 666 credam
1054 628 1205 678 aliquid
1240 628 1411 668 melioris
1442 643 1489 668 ex

147 693 356 732 codicibus
370 692 586 743 deperditis
600 692 801 743 accepisse
819 706 937 743 quam
955 693 1115 732 codices
1136 694 1277 732 servati
1298 695 1490 745 praebent

144 772 225 797 non
256 758 428 805 invenio,
453 772 503 796 ne
534 757 573 795 in
599 758 842 808 Spectaculis
872 758 1035 808 quidem
1049 759 1072 798 ¹.
1134 761 1275 809 Itaque
1295 759 1486 799 lectiones

144 838 214 863 eae
236 837 333 874 quas
355 823 454 874 siglo
478 827 486 843 ‘
501 824 600 861 Ital)
621 823 755 861 notavi
776 837 846 873 pro
867 823 1103 862 coniecturis
1124 825 1344 864 habendae.

197 890 384 928 Virorum
413 890 623 927 doctorum
649 887 922 927 coniecturas²
943 895 1023 927 tam
1050 903 1197 939 paucas
1224 889 1264 928 in
1295 897 1485 941 apparatu

143 955 279 993 critico
320 967 508 1004 apparere
547 953 687 1003 nequis
729 952 899 992 miretur.
974 954 1166 993 Martialis
1206 955 1313 994 enim
1352 969 1486 995 versus

144 1019 335 1071 tripertita
367 1021 503 1066 forma,
536 1019 660 1057 tribus
695 1018 858 1057 diversis
890 1032 912 1057 e
945 1019 1122 1059 fontibus
1157 1019 1341 1068 derivata,
1371 1021 1487 1059 nobis

143 1094 299 1137 praesto
332 1093 434 1133 sunt,
464 1086 571 1123 unde
606 1086 649 1123 fit
669 1092 711 1123 ut
738 1084 950 1123 consensui
971 1085 1157 1124 codicum
1186 1086 1356 1125 maxima
1385 1087 1485 1125 fides

142 1152 397 1190 attribuenda
425 1151 484 1190 sit.
545 1150 816 1189 Nihilominus
846 1151 886 1188 in
917 1152 1243 1201 Spectaculorum
1273 1152 1384 1199 libro,
1417 1151 1486 1191 ubi

143 1225 262 1256 testes
296 1218 415 1255 BACA
452 1216 653 1263 deficiunt,
692 1216 816 1255 maior
852 1218 963 1255 locus
998 1224 1057 1255 est
1094 1217 1167 1256 arti
1205 1216 1485 1257 coniecturali:

142 1283 239 1321 illud
269 1282 387 1321 etiam
418 1289 476 1321 est
507 1283 766 1329 monendum,
790 1295 1030 1321 consensum
1060 1284 1364 1334 archetyporum
1388 1297 1486 1322 non-

144 1362 349 1398 nunquam
380 1346 661 1398 speciosiorem
688 1361 808 1397 quam
836 1347 1028 1387 veriorem
1056 1362 1152 1395 esse,
1176 1348 1373 1399 siquidem
1402 1351 1484 1388 fieri

144 1421 274 1464 potest
312 1421 355 1452 ut
394 1420 461 1452 aut
500 1414 581 1452 duo
619 1414 832 1464 archetypa
870 1426 964 1452 casu
1006 1413 1047 1451 in
1092 1415 1266 1453 eundem
1312 1428 1482 1453 errorem

141 1480 304 1529 delapsa
338 1478 416 1517 sint
446 1486 514 1517 aut
558 1478 760 1529 archetypi
803 1478 920 1517 unius
959 1480 1251 1518 contaminatus
1283 1494 1330 1519 ex
1360 1482 1484 1519 altero

141 1552 348 1583 contextus
370 1544 418 1583 sit
438 1551 505 1582 aut
526 1557 572 1582 ex
588 1545 731 1583 eodem
752 1544 894 1583 vitioso
914 1545 1025 1584 fonte
1044 1545 1164 1584 ambo
1180 1547 1393 1596 archetypa
1406 1546 1483 1584 sint

142 1609 327 1657 derivata,
350 1617 393 1648 ut
412 1625 419 1648 :

196 1677 267 1722 IX,
290 1675 338 1722 vi,
362 1689 386 1723 4
407 1689 488 1714 non
510 1675 577 1723 vis,
600 1677 706 1724 Afer,
730 1677 895 1715 havere:
926 1674 1028 1729 vale]
1049 1677 1130 1715 afer
1150 1676 1294 1716 nonuis
1313 1679 1445 1717 AACA.

194 1742 243 1788 X,
266 1755 349 1787 xxx,
378 1755 392 1778 1
418 1741 454 1780 O
476 1748 716 1791 temperatae
743 1742 861 1780 dulce
888 1741 1070 1781 Formiae
1091 1740 1200 1795 litus]
1236 1750 1481 1793 temperante

141 1807 270 1845 ΒΑΕΔ.
349 1808 411 1845 Ne
450 1807 657 1846 citationes
696 1807 860 1857 quidem
905 1822 1089 1846 versuum
1137 1807 1329 1847 Martialis
1371 1810 1479 1859 apud

142 1871 378 1910 recentiores
411 1872 619 1922 scriptores
646 1873 753 1911 volui
773 1880 911 1912 contra
929 1874 1232 1924 archetyporum
1254 1881 1478 1913 nostrorum

141 1951 381 1977 consensum
414 1952 642 1989 opponere3
680 1940 782 1978 adeo
817 1939 966 1978 incerta
999 1947 1058 1978 est
1092 1939 1289 1979 eiusmodi
1318 1940 1477 1979 testium

139 2003 361 2042 auctoritas.
413 2003 523 2052 Quid
544 2004 649 2042 enim
671 2011 752 2043 erat
772 2018 841 2043 cur
861 2005 1021 2044 brevem
1041 2013 1274 2056 apparatum
1295 2005 1474 2044 criticum

184 2100 196 2120 ¹
221 2102 272 2135 Cf.
295 2103 456 2135 Schneid.
479 2104 585 2143 praef.
605 2103 649 2143 X,
672 2103 796 2136 Friedl.
818 2104 925 2144 praef.
943 2114 997 2145 91.
1046 2105 1180 2135 Vereor
1195 2104 1300 2144 igitur
1315 2113 1359 2136 ne
1380 2104 1480 2136 nimia

140 2153 375 2186 facilitatehis
398 2155 600 2186 lectionibus
624 2156 657 2186 in
682 2161 846 2196 apparatu
866 2156 984 2188 critico
1000 2156 1109 2187 locum
1133 2156 1310 2188 dederim:
1334 2157 1354 2197 i,
1375 2156 1479 2196 4⁰dis-

141 2206 346 2246 simuletque
369 2207 493 2247 deum3
516 2217 547 2248 v,
564 2219 583 2247 4
598 2209 703 2239 donat
719 2219 727 2248 ;
751 2207 826 2247 vib,
847 2218 861 2238 1
879 2208 1030 2239 Nemees
1053 2213 1087 2239 et
1108 2213 1227 2247 vasta3
1251 2208 1298 2247 ix,
1316 2220 1335 2248 4
1352 2219 1456 2239 cornu
1472 2219 1480 2248 ;

141 2259 212 2298 xiii,
231 2269 251 2288 2
267 2259 443 2298 suspirans
458 2270 465 2298 ;
489 2260 583 2300 xxiv,
597 2270 616 2300 5
633 2265 778 2300 spectes.

185 2309 198 2329 2
224 2310 417 2342 Housmani
439 2311 703 2344 benevolentiae
726 2318 884 2354 acceptas
910 2312 1020 2344 resero
1045 2314 1127 2344 duas
1154 2312 1343 2343 Marklandi
1370 2313 1424 2351 (ad
1448 2312 1478 2342 V

140 2362 279 2394 xxxviii.
298 2373 314 2402 7
332 2367 367 2394 et
384 2363 415 2394 11
434 2363 512 2395 lxvi.
531 2364 582 2404 4),
606 2375 694 2404 quae
717 2370 797 2396 sunt
820 2366 855 2396 in
878 2366 1032 2405 margine
1056 2365 1142 2405 libri,
1171 2365 1249 2396 olim
1275 2364 1474 2402 Marklandi,

143 2423 233 2445 nunc
250 2414 401 2446 Gualteri
417 2415 644 2449 Ashburneri.

772 2461 840 2499 b2
