1684 2763
788 123 1256 162 EPIGRAMMATON
1290 124 1392 160 LIB.
1427 124 1489 160 111

690 236 748 272 XI

163 307 201 344 si
233 315 298 344 tua
328 319 400 344 nec
430 305 552 343 Thais
583 319 656 344 nec
685 307 794 343 lusca
823 313 891 352 est,
925 305 1085 354 Quinte,
1117 307 1258 355 puella,

216 386 284 409 cur
314 371 352 409 in
383 379 420 409 te
450 372 595 409 factum
627 370 826 409 distichon
856 384 942 409 esse
971 372 1118 420 putas?

163 438 241 475 Sed
270 436 397 474 simile
427 444 485 474 est
513 435 686 486 aliquid:
727 450 797 486 pro
828 436 952 474 Laide
982 435 1138 474 Thaida
1168 435 1258 473 dixi.

219 502 294 540 Dic
325 501 432 548 mihi,
464 501 559 551 quid
590 501 717 539 simile
746 509 805 539 est
834 501 956 539 Thais
987 509 1025 539 et
1056 500 1307 540 Hermione?

164 576 203 604 tu
236 575 367 605 tamen
398 580 439 605 es
470 566 667 616 Quintus:
708 574 906 605 mutemus
937 581 1084 605 nomen
1114 566 1309 604 amantis:

218 632 247 669 si
280 645 359 670 non
391 633 472 670 vult
503 632 688 680 Quintus,
721 632 877 671 Thaida
907 634 1046 671 Sextus
1076 640 1192 670 amet.

681 721 763 757 XII

274 793 541 840 Vnguentum,
574 791 707 837 fateor,
740 791 890 829 bonum
921 791 1065 830 dedisti

273 856 446 894 convivis
477 857 579 902 here,
611 857 680 894 sed
711 856 807 894 nihil
838 856 998 894 scidisti.

277 923 355 959 Res
385 923 486 959 salsa
514 929 572 959 est
604 921 704 959 bene
734 923 838 959 olere
868 929 906 960 et
935 921 1090 959 esurire.

273 986 340 1035 qui
370 999 450 1024 non
480 994 595 1024 cenat
625 993 663 1024 et
692 986 890 1036 unguitur,
925 987 1100 1032 Fabulle,

275 1051 336 1089 hic
366 1065 455 1090 vere
486 1050 583 1089 mihi
614 1058 792 1089 mortuus
822 1051 987 1090 videtur.

668 1141 777 1178 XIII

172 1214 275 1249 Dum
306 1224 385 1249 non
416 1210 472 1248 vis
503 1210 641 1260 pisceS‚
674 1211 770 1248 dum
801 1224 881 1248 non
912 1210 968 1248 vis
998 1223 1156 1260 carpere
1187 1211 1314 1260 pullos

221 1286 258 1314 et
288 1277 376 1325 plus
405 1289 525 1325 quam
556 1275 665 1326 patri,
700 1275 860 1322 Naevia,
893 1275 1019 1326 parcis
1049 1289 1155 1325 apro,

166 1354 348 1380 accussas
378 1341 606 1390 rumpisque
637 1354 790 1388 cocum,
822 1349 1025 1391 tamquam
1056 1341 1190 1379 omnia
1219 1341 1341 1379 cruda

221 1406 402 1445 attulerit.
463 1408 693 1457 Numquam
724 1406 779 1445 sic
809 1420 881 1457 ego
912 1408 1056 1445 crudus
1086 1419 1162 1445 ero.

680 1495 780 1531 XIV

175 1567 341 1602 Romam
373 1564 532 1614 petebat
562 1563 728 1602 esuritor
756 1564 928 1603 Tuccius

223 1631 420 1679 profectus
450 1643 496 1668 ex
527 1629 733 1679 Hispania.

170 1695 338 1733 occurrit
367 1695 420 1732 illi
451 1696 713 1745 sportularum
744 1695 902 1733 fabula:

223 1774 245 1798 a
275 1768 395 1810 ponte
425 1760 539 1799 rediit
570 1760 734 1799 Mulvio.

690 1850 766 1886 XV

176 1922 265 1958 Plus
296 1920 420 1958 credit
452 1933 570 1958 nemo
599 1927 682 1958 tota
711 1933 831 1970 quam
863 1921 1018 1959 Cordus
1048 1920 1087 1958 in
1119 1921 1225 1958 urbe,

229 1986 356 2024 ‘Cum
388 1984 435 2023 sit
466 1993 545 2023 tarn
575 1998 733 2035 pauper,
767 1987 1030 2035 quomodo?'
1061 1986 1215 2024 Caecus
1244 1993 1360 2023 amat.

218 2089 265 2119 XI
291 2100 339 2121 vv.
360 2098 420 2119 1-2
437 2089 509 2120 lmb.
526 2089 559 2119 R
681 2099 693 2118 1
713 2089 761 2120 sic
778 2089 811 2119 R
930 2099 948 2119 2
966 2099 1046 2119 ecce
1063 2089 1140 2118 AA:
1165 2100 1241 2120 esse
1257 2089 1365 2120 BACA
1483 2100 1502 2127 3

173 2133 314 2162 similest
334 2133 382 2163 CA
471 2133 541 2163 dixi
558 2132 634 2162 BA:
659 2133 744 2163 dixit
757 2133 824 2163 CA:
851 2133 934 2163 dixti
950 2133 997 2164 cd.
1015 2144 1044 2164 a.
1069 2142 1150 2172 1475
1283 2134 1304 2162 6
1326 2139 1415 2163 amet
1428 2132 1502 2162 BA:

174 2181 262 2206 amat
282 2176 329 2207 CA
567 2176 635 2206 XII
661 2187 711 2207 vv.
728 2187 791 2216 375
808 2177 880 2207 lmb.
908 2176 938 2207 T
1064 2187 1084 2215 3
1108 2177 1192 2208 falsa
1216 2176 1347 2213 Trcmn
1367 2176 1502 2215 QFCG)

184 2220 274 2259 >fpro
285 2222 313 2253 Sl
537 2220 621 2250 XIII
645 2220 718 2250 hah.
739 2220 768 2250 T
885 2231 897 2250 1
925 2221 1035 2259 pisces
1048 2221 1124 2250 AA:
1150 2221 1275 2259 piscem
1290 2220 1367 2250 BA:
1392 2220 1502 2259 pisces

174 2274 247 2292 (mn
266 2274 292 2294 v.
310 2263 329 2292 l.
346 2263 495 2302 leporem
515 2262 561 2292 CA
580 2264 680 2295 (unde
697 2265 775 2294 dum
795 2274 859 2294 non
879 2264 930 2294 uis
946 2264 1057 2303 pisces
1074 2264 1225 2303 leporem
1242 2263 1319 2299 EA,
1338 2264 1501 2293 dumnon

176 2307 226 2337 uis
246 2307 356 2346 pisces
375 2305 446 2345 BG,
468 2307 546 2337 dum
566 2307 676 2346 pisces
692 2308 843 2346 leporem
860 2307 939 2339 XC)
1031 2308 1142 2347 pullos
1158 2307 1294 2337 AABA:
1318 2307 1436 2337 mullos
1456 2306 1503 2336 CA

176 2360 194 2378 2
212 2350 298 2389 putri
316 2349 475 2380 Heinsius
563 2351 673 2389 pascis
693 2351 722 2381 T
936 2351 1018 2381 XIV
1046 2361 1058 2381 1
1086 2351 1384 2381 esuritortococius
1404 2350 1450 2379 (Ἀ
1468 2354 1504 2378 11!

177 2393 238 2423 vid.
264 2393 333 2431 (secl
350 2395 495 2423 esuritor
516 2394 644 2424 tuccius
663 2394 714 2429 X>
951 2394 1015 2424 XV
1042 2404 1055 2424 1
1083 2395 1188 2426 credit
1210 2394 1284 2424 BA:
1319 2394 1432 2424 credet
1455 2392 1501 2421 (‘A

176 2442 249 2476 <pro
266 2437 328 2467 -dit
341 2438 364 2476 Ζ)
478 2447 575 2476 quam
595 2442 664 2468 tota
681 2437 772 2469 codd.
793 2439 878 2477 (tota
895 2447 994 2476 quam
1015 2437 1058 2477 G>
