1684 2763
512 168 569 205 IN
580 168 692 205 DEX
731 166 1199 205 EPIGRAMMATON

255 280 353 318 Quod
371 290 432 311 nec
449 279 619 319 Vergilius
635 290 698 310 nec
716 278 864 309 carmine
881 278 963 308 dicit
982 277 1153 307 Homerus
1199 276 1289 315 XIV,
1309 285 1359 315 57.

255 324 355 362 Quod
375 324 478 354 nimio
495 324 623 363 gaudes
640 328 775 353 noctem
793 323 981 361 producere
1002 321 1081 350 vino
1129 320 1169 355 ΙΙ,
1190 321 1242 358 89.

255 368 354 406 Quod
373 368 512 398 nimium
530 368 614 397 lives
632 366 756 396 nostris
773 370 805 396 et
823 365 947 403 ubique
964 364 1084 394 libellis
1130 363 1190 402 XI,
1209 375 1262 403 94.

254 411 354 449 Quod
373 411 510 441 nimium
527 415 680 449 mortem,
700 410 912 439 Chaeremon
932 408 1055 447 Stoice,
1076 407 1194 437 laudas
1239 405 1300 445 XI,
1327 407 1379 445 56.

255 454 354 492 Quod
372 459 536 485 nocturna
554 454 624 493 tibi,
647 453 813 491 Leandre⁷
835 452 1027 491 pepercerit
1044 452 1134 481 unda
1180 450 1242 489 Ep.
1261 459 1312 487 25.

255 498 355 536 Quod
375 509 441 528 non
459 502 647 536 argentum,
668 498 758 536 quod
778 507 845 526 non
863 496 922 526 tibi
941 495 1105 525 mittimus
1122 504 1240 524 aurum
1286 493 1325 533 V⁷
1346 503 1398 532 59.

255 541 355 580 Quod
374 552 440 572 non
459 541 586 571 insulse
602 541 722 570 scribis
739 540 935 570 tetrasticha
951 539 1119 578 quaedam
1166 537 1242 577 Vll,
1260 538 1312 576 85.

256 585 355 623 Quod
374 596 440 615 non
459 585 501 615 sit
520 584 666 623 Pylades
682 585 745 614 hoe
764 589 927 622 tempore,
949 593 1016 613 non
1035 582 1078 612 sit
1097 582 1239 612 Orestes
1284 580 1340 620 VI7
1366 591 1416 611 11.

256 629 356 667 Quod
374 640 482 659 novus
498 633 531 659 et
548 638 659 667 nuper
676 628 784 658 sactus
802 627 860 657 tibi
878 630 1027 665 praestat
1045 626 1175 656 amicus
1221 623 1282 665 ΙΙΙ,
1302 626 1354 664 36.

257 672 356 710 Quod
376 673 484 711 nubis,
507 672 699 710 Proculina,
721 671 913 702 concubino
958 669 1015 709 Vl,
1036 679 1087 700 22.

256 716 357 755 Quod
376 716 459 746 nulli
477 715 614 746 calicem
632 719 725 745 tuum
744 715 904 754 propinas
951 712 994 751 ΙΙ,
1018 722 1066 752 15.

257 759 356 798 Quod
372 770 555 799 numquam
571 758 718 788 maribus
736 759 882 788 iunctam
901 762 943 796 te,
966 757 1083 796 Bassa,
1102 755 1257 786 videbam
1305 754 1329 795 1,
1349 765 1402 794 90.

257 803 357 841 Quod
376 804 529 833 nutantia
547 803 657 833 fronte
676 802 838 841 perticata
884 800 923 839 V,
948 810 997 831 12.

258 847 357 885 Quod
375 847 537 886 optimum
555 847 598 876 sit
615 846 762 884 disputat
779 845 969 875 convivium
1017 843 1077 881 IX,
1098 853 1147 882 77.

258 891 358 929 Quod
376 896 505 930 pectus,
526 890 616 929 quod
634 900 732 919 crura
749 889 817 929 tibi,
838 889 928 927 quod
946 887 1100 918 bracchia
1117 886 1213 917 vellis
1260 885 1302 925 ΙΙ,
1323 887 1376 917 62.

258 934 358 972 Quod
376 935 451 973 pius
468 939 501 964 et
519 933 664 973 supplex
682 933 822 972 elephas
839 938 882 971 te,
904 932 1039 970 Caesar7
1060 931 1178 960 adorat
1224 929 1287 970 Ep.
1310 940 1358 968 17.

258 977 359 1016 Quod
376 988 587 1017 quacumque
604 977 700 1007 venis
718 977 878 1006 Cosmum
896 976 1041 1013 migrare
1058 979 1215 1013 putamus
1262 973 1322 1011 ΙΙΙ,
1343 983 1394 1012 55.

259 1022 359 1060 Quod
376 1022 554 1060 querulum
571 1021 686 1059 spiraty
707 1021 797 1059 quod
815 1019 972 1049 acerbum
993 1018 1122 1048 Naevia
1138 1017 1239 1048 tussit
1287 1017 1329 1056 ΙΙ,
1350 1018 1402 1046 26.

259 1065 358 1103 Quod
377 1075 511 1103 semper
528 1065 684 1103 casiaque
703 1064 929 1101 cinnamoque
975 1061 1032 1098 VI,
1053 1070 1106 1100 55.

259 1109 359 1147 Quod
377 1118 513 1147 semper
529 1118 673 1146 superos
690 1107 796 1137 invito
814 1107 917 1136 fratre
935 1105 1060 1144 rogasti
1111 1103 1171 1143 IX,
1191 1113 1244 1142 51.

259 1152 360 1190 Quod
377 1152 487 1181 siccae
504 1151 635 1181 redolet
653 1151 749 1189 palus
767 1150 908 1180 lacunae
955 1149 1010 1188 IV,
1031 1159 1064 1186 4.

260 1195 360 1234 Quod
377 1196 482 1234 spirat
499 1199 617 1225 tenera
633 1194 757 1224 malum
774 1193 952 1223 mordente
971 1192 1083 1231 puella
1130 1190 1191 1229 ΙΙΙ,
1211 1191 1264 1229 65.

260 1239 361 1278 Quod
378 1244 444 1269 tam
462 1239 589 1276 grande
606 1238 733 1277 sophos
749 1237 870 1267 clamat
887 1237 946 1267 tibi
964 1236 1062 1266 turba
1078 1240 1193 1274 togata
1237 1233 1295 1273 VI,
1315 1234 1366 1272 48.

261 1283 361 1321 Quod
378 1287 411 1313 te
428 1282 592 1321 diripiunt
609 1282 819 1321 potentiores
863 1279 938 1319 VII,
959 1281 1009 1317 76.

261 1326 360 1365 Quod
378 1331 411 1357 te
428 1336 527 1355 mane
544 1325 635 1355 domi
653 1329 721 1355 toto
740 1335 809 1354 non
826 1324 971 1354 vidimus
988 1332 1078 1353 anno
1124 1321 1180 1361 IV,
1201 1322 1253 1352 26.

261 1370 361 1408 Quod
379 1375 412 1400 te
431 1369 567 1399 nomine
584 1369 647 1398 iam
665 1374 725 1398 tuo
741 1369 852 1398 saluto
900 1367 942 1405 ΙΙ,
962 1367 1014 1396 68.

262 1414 361 1452 Quod
379 1413 437 1443 tibi
452 1423 549 1443 crura
567 1413 677 1451 rigent
695 1412 798 1442 saetis
816 1416 849 1441 et
866 1416 1005 1450 pectora
1022 1410 1109 1440 villis
1153 1407 1210 1447 VI,
1232 1408 1283 1447 56.

262 1457 362 1496 Quod
380 1457 439 1487 tibi
459 1456 639 1486 Decembri
656 1466 784 1494 mense,
804 1465 870 1494 quo
888 1455 1001 1484 volant
1018 1463 1161 1492 mappae
1207 1451 1246 1491 V,
1271 1452 1318 1482 18.

263 1501 358 1540 Quos
376 1504 515 1540 cuperet
534 1499 721 1538 Phlegraea
738 1509 818 1529 suos
834 1497 975 1529 victoria
992 1497 1091 1527 ludos
1136 1495 1228 1535 VIII,
1250 1496 1302 1534 78.

265 1630 400 1670 Raptus
417 1629 486 1660 abit
502 1629 612 1659 media
629 1628 720 1668 quod
739 1627 780 1658 ad
798 1626 937 1658 aethera
955 1630 1071 1656 taurus
1088 1625 1216 1654 harena
1262 1621 1324 1663 Ep.
1346 1623 1393 1652 16.

267 1674 358 1704 Rara
375 1674 432 1704 tibi
450 1683 550 1703 curva
566 1672 727 1702 craticula
743 1672 842 1701 sudet
859 1669 959 1701 osella
1004 1668 1095 1709 XIV,
1116 1678 1191 1699 221.

266 1717 375 1748 Raros
392 1717 523 1755 colligis
541 1717 616 1746 hinc
634 1721 667 1746 et
684 1716 761 1745 hinc
777 1714 918 1754 capillos
964 1713 1006 1747 X.
1027 1713 1080 1751 83.

266 1761 406 1792 Raucae
423 1761 548 1791 chortis
565 1770 645 1790 aves
662 1764 696 1789 et
713 1769 775 1789 ova
792 1762 935 1788 matrum
980 1756 1054 1796 VII,
1075 1765 1127 1795 31.

267 1805 425 1835 Reclusis
442 1804 569 1834 foribus
586 1803 732 1842 grandes
750 1801 907 1841 percidis,
927 1800 1050 1831 Amille
1094 1798 1169 1838 VII,
1189 1800 1241 1830 62.

267 1849 389 1879 Redde
402 1848 522 1887 pilam:
541 1853 639 1877 sonat
650 1846 936 1876 aesthermarum.
963 1844 1097 1874 Ludere
1111 1843 1245 1883 pergis?
1277 1840 1368 1881 XIV,
1390 1842 1458 1880 163.

267 1892 431 1923 Reddidit
450 1891 643 1930 Eurydicen
661 1890 748 1920 vati:
774 1890 833 1919 sed
853 1888 1001 1928 perdidit
1017 1888 1091 1926 ipse
1137 1885 1229 1925 XIV,
1253 1885 1325 1923 165.

268 1936 378 1975 Regia
395 1935 615 1975 pyramidum,
636 1934 772 1968 Caesar,
793 1931 955 1963 miracula
972 1932 1044 1961 ride
1089 1930 1186 1967 VIII,
1202 1930 1255 1968 36.

269 1979 355 2009 Rem
373 1979 491 2009 factam
510 1977 707 2017 Pompullus
724 1976 836 2016 habet,
858 1976 1040 2006 Faustine:
1065 1974 1198 2013 legetur
1242 1970 1300 2011 VI,
1319 1972 1374 2004 61.

269 2022 356 2053 Rem
373 2022 507 2061 peragit
526 2022 650 2051 nullam
669 2020 853 2058 Sertorius,
874 2020 1012 2049 inchoat
1029 2028 1148 2048 omnes
1196 2016 1256 2056 ΙΙΙ,
1278 2025 1330 2055 79.

270 2066 398 2096 Rerum
416 2070 507 2096 certa
523 2066 625 2103 salus,
645 2069 810 2095 terrarum
828 2063 944 2102 gloria,
965 2062 1092 2093 Caesar
1138 2060 1179 2100 II,
1199 2070 1252 2099 91.

270 2108 370 2140 Retia
387 2110 466 2140 dum
483 2114 618 2139 cessant
634 2108 880 2147 latratoresque
899 2106 1039 2136 Molossi
1084 2104 1163 2144 XII,
1187 2115 1215 2136 1.

271 2153 426 2183 Rictibus
443 2152 494 2182 his
511 2157 627 2182 tauros
645 2161 711 2181 non
729 2151 885 2190 eripuere
902 2149 1055 2189 magistri
1103 2148 1128 2188 Ι,
1148 2149 1200 2188 48.

270 2196 369 2235 Ride,
390 2196 417 2226 si
434 2196 535 2235 sapis,
556 2206 576 2225 o
594 2196 715 2235 puella,
737 2195 810 2224 ride
857 2193 900 2232 ΙΙ,
921 2204 973 2231 41.

271 2240 396 2270 Rideto
413 2239 552 2269 multum
570 2240 627 2278 qui
644 2243 688 2278 te,
709 2238 861 2276 Sextille7
883 2237 1062 2267 cinaedum
1108 2235 1151 2273 ΙΙ,
1172 2236 1223 2266 28.

271 2283 380 2313 Roma
396 2283 504 2321 magis
521 2283 624 2312 fuscis
640 2282 789 2320 vestitur,
811 2281 920 2311 Gallia
938 2281 1020 2310 rufis
1065 2279 1157 2319 XIV,
1176 2290 1246 2318 129.

271 2326 415 2357 Romam
434 2326 568 2365 petebat
585 2325 731 2356 esuritor
746 2325 892 2355 Tuccius
940 2323 1000 2363 ΙΙΙ,
1024 2333 1072 2361 14.

272 2370 415 2400 Romam
433 2370 528 2407 vade⁷
548 2369 649 2399 liber:
675 2369 712 2402 si,
732 2368 867 2398 veneris
884 2368 985 2406 unde,
1006 2366 1156 2406 requiret
1203 2365 1263 2404 ΙΙΙ,
1285 2376 1315 2404 4.

272 2414 448 2444 Romanos
464 2423 574 2442 rerum
592 2412 748 2442 dominos
764 2416 970 2450 gentemque
987 2415 1135 2449 togatam
1173 2408 1264 2449 XIV,
1287 2418 1357 2446 124.

272 2457 372 2497 Rufe,
390 2457 486 2487 vides
502 2456 595 2486 illum
613 2455 773 2486 subsellia
789 2455 895 2494 prima
911 2459 1078 2484 terentem
1125 2452 1167 2491 ΙΙ,
1187 2463 1239 2491 29.
