1684 2763
236 155 292 192 M.
324 154 446 192 VAL.
479 154 792 192 MARTIALIS

233 267 401 316 grandes
430 266 643 317 proborum
674 265 839 317 virgines
869 267 1112 305 colonorum.

235 332 339 370 facto
368 339 530 370 vocatur
558 333 682 369 laetus
711 344 829 381 opere
859 331 1036 378 vicinus;

237 408 310 434 nec
338 409 452 434 avara
482 403 606 434 servat
636 396 822 434 crastinas
853 397 975 446 dapes
1005 409 1151 440 mensa,

236 468 446 500 vescuntur
476 474 613 499 omnes
643 461 833 511 ebrioque
863 474 943 499 non
974 460 1081 499 noxit

236 533 341 564 satur
370 525 546 564 minister
575 525 750 564 invidere
779 525 979 564 convivae.

238 593 290 629 At
320 598 361 630 tu
392 591 466 629 sub
494 591 591 630 urbe
620 590 800 641 possides
830 591 974 628 famem
1005 591 1195 628 mundam

235 664 273 694 et
302 664 404 694 turre
433 657 483 694 ab
512 657 590 693 alta
618 654 808 705 prospicis
838 668 962 693 meras
992 655 1133 699 laurus,

237 722 361 759 furem
392 720 533 770 Priapo
564 733 643 758 non
674 719 838 758 timente
867 732 1026 757 securus
1043 733 1052 765 3

237 793 274 824 et
305 785 511 823 vinitorem
541 785 639 822 farre
669 783 795 834 pascis
825 783 976 821 urbano

238 850 464 900 pictamque
494 857 624 899 portas
654 848 802 887 otiosus
831 849 882 886 ad
912 848 1043 886 villam

240 917 365 961 holus,
397 928 482 961 ova,
513 916 652 964 pullos,
685 927 813 964 poma,
846 926 1015 958 caseum,
1048 919 1233 950 mustum.

243 982 326 1019 Rus
356 981 432 1018 hoc
463 979 590 1017 vocari
621 980 751 1025 debet,
783 992 833 1016 an
863 979 1006 1017 domus
1036 979 1181 1026 longe?

752 1068 846 1104 LIX

243 1146 358 1183 Sutor
388 1145 506 1182 cerdo
535 1143 645 1182 dedit
676 1142 757 1190 tibi,
789 1144 894 1180 culta
925 1141 1116 1187 Bononia,
1149 1155 1302 1186 munus,

297 1210 393 1247 fullo
424 1208 533 1247 dedit
566 1207 768 1246 Mutinae:
810 1220 914 1245 nunc
945 1206 1012 1245 ubi
1042 1219 1144 1256 copo
1174 1205 1315 1244 dabit?

762 1295 834 1332 LX

246 1375 348 1413 Cum
379 1385 495 1411 vocer
523 1372 573 1410 ad
604 1384 743 1409 cenam
774 1384 854 1408 non
885 1370 960 1408 iam
991 1369 1138 1408 venalis
1168 1377 1209 1407 ut
1238 1377 1340 1414 ante,

297 1451 365 1476 cur
396 1436 490 1474 mihi
521 1449 601 1474 non
631 1436 770 1474 eadem
801 1448 902 1484 quae
932 1434 1002 1472 tibi
1032 1447 1129 1472 cena
1157 1435 1303 1472 datur?

245 1511 371 1542 ostrea
401 1510 441 1540 tu
473 1501 593 1539 sumis
625 1509 763 1550 stagno
793 1508 963 1538 saturata
993 1499 1174 1545 Lucrino,

298 1566 446 1617 sugitur
475 1565 599 1603 inciso
630 1565 789 1603 mitulus
818 1578 884 1603 ore
915 1564 1035 1602 mihi:

244 1640 335 1671 sunt
365 1631 434 1670 tibi
466 1630 597 1677 boleti,
628 1632 768 1679 fungos
799 1644 871 1680 ego
901 1643 1014 1668 sumo
1044 1629 1203 1667 suillos:

300 1711 358 1735 res
389 1696 458 1734 tibi
489 1709 578 1733 cum
610 1695 778 1733 rhombo
808 1702 877 1741 est,
909 1702 946 1732 at
977 1693 1073 1731 mihi
1102 1707 1192 1731 cum
1223 1695 1388 1742 sparulo.

246 1775 387 1800 aureus
418 1760 627 1799 inmodicis
658 1767 782 1797 turtur
811 1767 848 1798 te
878 1759 1060 1797 clunibus
1090 1758 1236 1807 implet,

301 1826 459 1877 ponitur
489 1825 527 1863 in
558 1838 676 1863 cavea
707 1832 858 1862 mortua
888 1824 976 1873 pica
1006 1823 1111 1860 mihi.

247 1906 315 1930 cur
345 1891 428 1929 sine
458 1898 495 1928 te
525 1903 625 1928 ceno
655 1902 744 1927 cum
776 1897 918 1935 tecum,
952 1888 1125 1934 Pontice,
1158 1889 1327 1925 cenem?

301 1957 475 2006 sportula
504 1955 611 2004 quod
642 1967 722 1992 non
752 1961 809 1992 est
839 1953 985 2003 prosit:
1024 1953 1188 1991 edamus
1218 1951 1333 1990 idem.

1522 283 1564 314 40

1522 606 1562 638 45

1529 930 1569 961 50

1537 1968 1574 1990 10

292 2069 333 2097 42
358 2063 474 2089 seruat
495 2058 568 2089 BA:
594 2063 705 2088 struas
722 2057 769 2087 CA
788 2060 864 2097 (pro
879 2057 1007 2090 servas}
1032 2056 1073 2086 fT
1086 2061 1147 2096 pro
1165 2055 1203 2086 El
1354 2065 1395 2093 44
1419 2055 1508 2085 fatus
1527 2054 1575 2086 CA

252 2103 281 2144 (f
292 2109 390 2143 pros,
404 2112 419 2132 s
435 2107 494 2140 pro
506 2104 535 2139 r)
553 2113 560 2132 ε
585 2101 689 2131 fartus
702 2101 776 2132 Ital.
868 2101 1011 2130 ministri
1031 2100 1078 2130 CA
1167 2102 1209 2137 46
1229 2109 1337 2129 moras
1356 2099 1404 2129 CA
1420 2100 1455 2138 (o
1468 2104 1529 2138 pro
1539 2100 1572 2135 e)

251 2157 291 2185 47
317 2155 431 2176 eurem
446 2145 493 2175 CA
506 2145 618 2185 ngro
633 2145 673 2183 F)
751 2144 902 2174 timentis
918 2144 970 2173 ΒΑ
1055 2144 1096 2181 48
1114 2143 1259 2173 uinitore
1276 2142 1322 2173 CA

1404 2142 1574 2180 pascentis

250 2190 305 2220 ΒΑ
316 2188 368 2230 (cf.
384 2188 430 2219 ad
443 2189 583 2218 timente
601 2199 630 2218 v.
648 2188 704 2226 47)
805 2188 932 2217 urbane
948 2187 995 2217 CA
1010 2187 1043 2226 (e
1055 2192 1117 2226 pro
1133 2191 1165 2225 o)
1336 2194 1379 2224 50
1403 2195 1522 2215 caseus
1540 2188 1576 2215 ut

251 2232 314 2264 vid.
336 2232 384 2263 CA
471 2241 509 2270 51
536 2232 652 2261 uocari
670 2231 771 2261 debet
786 2230 858 2262 BA:
885 2235 1024 2261 uocatur
1043 2230 1091 2260 CA

294 2275 374 2306 LIX
397 2275 469 2305 hab.
495 2275 524 2304 T
650 2285 669 2304 2
693 2274 752 2304 tibi
770 2284 875 2314 caupo
898 2273 928 2304 T

297 2318 356 2349 LX
379 2319 451 2349 lmb.
474 2318 502 2347 T
588 2327 600 2347 1
625 2317 793 2347 uocerAA
805 2320 895 2355 (cum
905 2317 951 2346 Di
966 2327 972 2346 :
995 2325 1100 2346 uocor
1112 2315 1218 2345 BACA
1277 2319 1342 2344 tarn
1355 2313 1403 2344 CA
1417 2313 1461 2349 (T
1472 2318 1534 2354 pro
1547 2313 1571 2343 1·

250 2374 268 2401 4
293 2363 426 2401 sugitur
442 2361 579 2391 AABA:
603 2361 744 2391 sumitur
763 2360 811 2390 CA
916 2369 935 2398 5
961 2360 1102 2398 pusillos
1112 2358 1247 2388 AABA:
1271 2358 1392 2388 suillos
1409 2357 1457 2388 CA

1555 2358 1576 2386 6

249 2406 299 2438 vel
312 2406 483 2436 rhombost
528 2409 561 2435 at
576 2404 684 2435 AACA
701 2415 707 2434 z
731 2409 764 2435 et
777 2404 830 2434 BA
922 2414 959 2434 10
979 2413 1064 2443 quae
1081 2401 1350 2442 T(etsorl.A·*²-):
1366 2402 1456 2440 quod
1470 2399 1577 2431 BACA
