1684 2763
200 150 255 187 M.
288 149 410 186 VAL.
444 149 757 187 MARTIALIS

695 261 830 298 LXIV

199 325 419 376 Contigeris
449 324 582 376 regina
610 338 719 364 meos
749 325 781 363 si
810 326 920 364 Polla
948 324 1113 372 libellos,

252 403 332 429 non
362 389 497 429 tetrica
525 398 679 428 nostros
709 389 844 440 excipe
873 391 1000 428 fronte
1029 389 1147 428 iocos.

197 454 261 494 ille
290 462 379 494 tuus
409 462 527 502 vates,
560 455 768 494 Heliconis
797 455 919 504 gloria
948 454 1081 501 nostri,

252 520 378 559 Pieria
406 527 563 558 caneret
592 533 683 558 cum
713 521 792 558 fera
821 521 925 558 bella
953 520 1058 565 tuba,

198 598 278 624 non
308 593 441 623 tamen
470 584 625 623 erubuit
654 584 800 622 lascivo
830 584 960 622 dicere
989 597 1101 622 versu
1509 598 1527 630 5

254 650 318 689 ‘Si
347 663 421 689 nec
450 649 622 700 pedicor‚
655 650 787 697 Cotta,
816 648 912 699 quid
942 648 1005 686 hic
1035 648 1192 687 facio?'

699 738 810 774 LXV

306 803 409 842 Cum
439 809 476 840 te
506 800 747 851 municipem
778 800 1073 841 Corinthiorum

304 867 435 914 iactes,
468 866 747 913 Charmeniom
779 873 946 916 negante
976 867 1095 912 nullo,

303 945 372 971 cur
400 933 515 969 frater
543 931 615 970 tibi
644 931 764 978 dicor,
796 945 842 969 ex
873 930 1033 969 Hiberis

304 1005 342 1036 et
372 996 494 1036 Celtis
523 996 677 1046 genitus
707 995 885 1046 Tagique
914 995 1045 1034 civis?

304 1063 369 1099 An
398 1062 506 1099 voltu
537 1060 682 1098 similes
712 1060 891 1099 videmur
920 1062 1037 1099 esse?
1510 1076 1526 1107 5

305 1133 345 1164 tu
376 1127 475 1164 flexa
504 1125 650 1163 nitidus
679 1139 795 1164 coma
823 1125 981 1175 vagaris

306 1189 497 1240 Hispanis
527 1203 600 1239 ego
627 1197 839 1228 contumax
868 1189 1044 1239 capillis3

305 1255 399 1294 levis
429 1256 601 1304 dropace
630 1262 671 1292 tu
701 1254 913 1301 cotidiano,

305 1320 462 1358 hirsutis
492 1332 564 1369 ego
593 1319 770 1357 cruribus
799 1319 1013 1369 genisque,-

305 1398 348 1423 os
378 1386 555 1423 blaesum
585 1384 655 1422 tibi
683 1384 904 1434 debilisque
932 1384 1064 1434 lingua
1092 1392 1161 1430 est,
1490 1399 1528 1420 10

306 1449 421 1487 nobis
452 1449 529 1487 filia
558 1448 694 1487 fortius
724 1451 928 1498 loquetur:

305 1523 385 1554 tam
415 1515 547 1565 dispar
573 1515 728 1565 aquilae
757 1515 943 1553 columba
971 1527 1051 1553 non
1081 1522 1139 1552 est

306 1593 379 1618 nec
409 1581 548 1618 dorcas
576 1579 701 1629 rigido
729 1580 845 1628 fugax
874 1578 989 1617 leoni.

308 1644 441 1692 Quare
471 1643 608 1682 desine
638 1658 701 1682 me
730 1657 869 1682 vocare
898 1645 1065 1689 fratrem,

307 1722 356 1746 ne
385 1716 434 1755 tc,
467 1708 745 1755 Charmenion,
777 1722 916 1747 vocem
945 1721 1128 1747 sororem.
1491 1721 1527 1754 15

684 1797 816 1833 LXVI

202 1859 312 1908 Quis,
344 1872 449 1909 rogo,
481 1867 561 1897 tam
591 1861 722 1906 durus,
755 1859 841 1909 quis
871 1866 950 1896 tam
981 1858 1052 1896 fuit
1082 1858 1146 1896 ille
1176 1858 1366 1908 superbus

255 1924 321 1974 qui
351 1923 461 1961 iussit
491 1923 571 1962 fieri
601 1931 650 1970 te,
682 1925 956 1974 Theopompe,
988 1924 1161 1961 cocum?

201 1991 302 2027 hanc
331 1988 471 2038 aliquis
500 1988 640 2026 faciem
670 1988 777 2038 nigra
805 1988 949 2026 violare
978 1987 1109 2026 culina

255 2052 431 2100 sustinet,
462 2054 531 2091 has
561 2061 682 2091 uncto
710 2053 849 2103 polluit
878 2052 967 2103 igne
996 2054 1162 2091 comas?

202 2115 288 2165 quis
317 2115 447 2165 potius
476 2116 637 2164 cyathos
666 2123 733 2153 aut
762 2115 848 2164 quis
878 2116 1055 2164 crystalla
1083 2114 1264 2152 tenebit?
1509 2132 1526 2162 5

257 2193 335 2229 qua
364 2179 515 2230 sapient
546 2180 685 2218 melius
716 2179 835 2218 mixta
865 2181 1029 2218 Falerna
1057 2180 1207 2217 manu?

250 2282 359 2312 LXIV
386 2293 435 2312 vv.
453 2282 518 2320 3-6
540 2282 613 2313 lmb.
630 2281 664 2311 R
752 2283 773 2313 6
797 2281 874 2322 nec]
895 2292 960 2312 non
979 2291 1040 2312 nec
1057 2280 1091 2311 R

250 2326 342 2356 LXV
366 2336 395 2363 2,
414 2335 450 2364 15
469 2326 661 2356 carmenion
679 2325 745 2357 cod.
882 2335 917 2355 11
945 2324 1055 2356 fistula
1069 2324 1289 2357 Schneidewin
1423 2335 1460 2365 15
1485 2336 1527 2356 ne

204 2370 278 2400 Ital.
295 2381 302 2400 t
327 2379 390 2399 nee
406 2368 471 2400 cod.

251 2412 359 2444 LXVI
384 2411 457 2444 hab.
474 2412 506 2442 R
594 2423 613 2451 4
638 2411 754 2452 palluit
771 2411 804 2442 R
893 2411 948 2443 ille
964 2410 1045 2444 ΑΑε
1072 2411 1150 2451 igne
1166 2410 1221 2441 ΒΑ
