1684 2763
782 162 1248 199 EPIGRAMMATON
1281 163 1383 198 LIB.
1417 163 1474 199 XI

153 264 258 303 basia
288 266 338 302 da
367 264 482 302 nobis
512 265 655 310 vetulo,
687 277 794 313 puer,
826 265 906 301 uda
936 266 1113 310 Falerno,

203 331 345 378 pocula
374 330 424 366 da
452 328 568 366 labris
597 330 698 365 facta
727 327 879 366 minora
906 328 995 366 tuis.

153 394 362 432 Addideris
392 407 507 442 super
534 394 633 431 haec
662 393 827 431 Veneris
856 392 888 430 si
916 392 1059 442 gaudia
1087 407 1187 440 vera,
1462 411 1477 440 5

204 472 288 497 esse
319 472 458 508 negem
489 458 628 496 melius
658 471 749 496 cum
781 459 1013 507 Ganymede
1044 458 1139 495 Iovi.

618 564 779 600 XXVII

152 635 314 671 Ferreus
344 647 396 680 es,
429 633 457 671 si
489 641 589 671 stare
619 640 749 683 potest
778 633 848 671 tibi
879 634 1065 679 mentula,
1099 634 1249 678 Flacce,

204 711 294 736 cum
325 706 362 736 te
393 712 458 736 sex
488 699 650 747 cyathos
679 705 762 736 orat
791 697 918 736 amica
946 697 1037 747 gari,

151 765 211 801 vel
241 764 321 801 duo
351 765 472 801 frusta
501 770 610 812 rogat
640 763 742 812 cybii
772 770 982 801 tenuemve
1011 765 1199 801 lacertum

204 841 277 866 nec
307 828 465 877 dignam
496 836 579 866 toto
609 842 650 866 se
680 829 870 877 botryone
900 835 1032 877 putat,

151 892 214 930 cui
244 900 371 941 portat
399 895 575 942 gaudens
604 893 745 931 ancilla
773 893 983 942 paropside
1011 893 1128 930 rubra
1463 908 1479 938 5

204 959 379 1004 allecem,
412 959 481 995 sed
511 971 629 1007 quam
659 957 836 1006 protinus
866 957 930 995 illa
959 964 1093 1003 voret;

151 1029 217 1059 aut
247 1036 337 1060 cum
368 1021 566 1071 perfricuit
595 1024 763 1060 frontem
794 1022 1004 1071 posuitque
1033 1023 1237 1070 pudorem,

206 1086 342 1124 sucida
370 1086 529 1135 palliolo
558 1088 700 1125 vellera
729 1086 904 1136 quinque
933 1086 1040 1135 petit.

152 1153 205 1188 At
235 1164 322 1189 mea
351 1165 414 1189 me
443 1151 581 1189 libram
611 1151 733 1189 foliati
763 1158 901 1200 poscat
929 1151 1057 1189 amica

205 1224 271 1254 aut
301 1215 442 1254 virides
471 1229 646 1265 gemmas
676 1217 991 1265 sardonychasve
1020 1229 1143 1265 pares,
1444 1231 1484 1252 10

154 1294 226 1319 nec
256 1281 329 1319 nisi
359 1281 485 1331 prima
512 1281 604 1319 velit
634 1282 684 1319 de
713 1283 847 1319 Tusco
876 1280 1007 1319 Serica
1035 1281 1123 1319 vico

206 1353 272 1384 aut
302 1353 462 1384 centum
491 1347 671 1384 aureolos
702 1345 756 1383 sic
786 1347 891 1383 velut
919 1358 1009 1383 aera
1037 1352 1159 1394 roget.

154 1411 272 1448 Nunc
301 1418 343 1448 tu
371 1412 470 1448 velle
499 1418 613 1459 putas
642 1411 740 1448 haec
769 1424 832 1448 me
861 1411 1009 1448 donare
1037 1410 1219 1459 puellae?

208 1476 313 1513 Nolo
343 1476 413 1513 sed
442 1475 502 1512 his
531 1482 574 1512 ut
603 1474 651 1512 sit
680 1474 799 1524 digna
827 1476 957 1524 puella
984 1476 1085 1512 volo.

610 1568 795 1605 XXVIII

157 1637 304 1675 Invasit
334 1637 478 1676 medici
507 1637 654 1676 Nasica
682 1637 934 1688 phreneticus
964 1637 1080 1676 Eucti

208 1710 245 1740 et
274 1702 439 1752 percidit
469 1704 614 1752 Hylan.
672 1703 764 1749 Hic,
794 1710 903 1752 puto,
935 1716 1053 1740 sanus
1082 1709 1173 1740 erat.

636 1791 776 1827 XXIX

158 1859 363 1910 Languida
391 1873 482 1899 cum
511 1862 642 1899 vetula
670 1868 834 1899 tractare
862 1859 985 1898 virilia
1017 1861 1152 1898 dextra

209 1925 386 1974 coepisti,
415 1925 569 1976 iugulor
595 1925 750 1975 pollice,
781 1925 919 1975 Phylli,
949 1933 1043 1964 tuo:

156 2003 247 2027 nam
276 2003 367 2028 cum
397 2003 461 2028 me
490 2004 653 2037 murem,
683 2004 774 2028 cum
803 2003 867 2028 me
896 1998 963 2028 tua
990 1990 1140 2028 lumina
1167 1989 1277 2037 dicis,

210 2054 316 2093 horis
344 2068 409 2093 me
437 2055 543 2093 refici
571 2055 634 2092 vix
662 2062 759 2104 puto
788 2068 905 2105 posse
933 2057 1084 2094 decem.

201 2157 334 2188 XXVII
358 2168 410 2189 vv.
428 2168 487 2188 1-2
503 2158 545 2198 (v.
559 2169 578 2188 2
595 2158 704 2197 eras),
720 2168 803 2198 5—14
816 2159 888 2190 hab.
908 2159 938 2189 T
992 2169 1012 2189 2
1028 2159 1094 2190 cari
1110 2159 1159 2189 CA
1174 2162 1210 2189 ut
1223 2158 1286 2190 vul.
1303 2158 1345 2195 (C
1356 2163 1419 2198 pro
1437 2158 1485 2196 G)

159 2211 179 2239 3
202 2201 299 2240 cybis
317 2201 366 2231 CA
454 2206 659 2242 tenuemque
676 2202 752 2232 BA:
780 2207 958 2233 tenuemve
976 2202 1024 2232 CA
1142 2211 1161 2241 5
1186 2213 1262 2232 cum
1285 2202 1443 2242 T(quiv.
1466 2211 1485 2230 2

158 2244 270 2284 erasit)
352 2244 374 2274 6
388 2255 485 2283 quarn
498 2255 563 2276 om.
579 2245 630 2275 CA
674 2251 812 2276 uocaret
828 2245 857 2275 T
934 2247 954 2276 8
970 2246 1063 2276 dedit
1080 2247 1165 2285 petit
1183 2245 1213 2275 T
1291 2255 1328 2275 12
1346 2250 1444 2282 rogat
1460 2245 1490 2274 T

163 2297 201 2326 13
226 2288 289 2317 hoc
306 2286 388 2317 AA:
414 2289 496 2318 haec
511 2288 618 2319 BACA
665 2290 791 2319 donare
807 2288 925 2319 AABA
941 2301 948 2320 z
972 2290 1053 2319 dare
1069 2290 1159 2319 dona
1176 2289 1225 2319 CA
1333 2287 1485 2318 XXVIII

159 2330 231 2362 hab.
257 2331 288 2361 T
312 2340 324 2359 1
351 2331 440 2361 eucti
455 2331 514 2360 ΑΛ
529 2343 537 2362 :
561 2332 647 2362 eucli
663 2332 717 2362 ΒΑ
733 2344 738 2363 :
769 2332 858 2362 ducti
879 2333 927 2362 vel
939 2333 1028 2363 aucti
1046 2332 1096 2362 CA
1114 2333 1164 2371 (in
1181 2333 1292 2362 lenam.
1315 2341 1358 2361 DE
1375 2340 1486 2361 AVCTO

161 2373 225 2413 CA)
381 2374 502 2405 XXIX
517 2375 591 2406 hab.
616 2375 651 2405 T.
701 2375 787 2405 Cum
805 2375 956 2406 XXVIII
975 2375 1067 2414 confl.
1089 2375 1139 2405 CA
1265 2385 1285 2414 3
1309 2375 1412 2404 uitam
1428 2374 1461 2403 A
1479 2385 1486 2403 ;

160 2426 288 2447 murem
305 2415 415 2447 ΒΑίᾺ
503 2428 556 2449 me
574 2418 646 2459 tua]
664 2428 738 2449 mea
757 2418 816 2459 CA,
836 2418 921 2449 unde
937 2424 971 2449 tu
990 2429 1066 2449 cum
1083 2429 1156 2449 mea
1175 2418 1216 2459 (ἓ)
1233 2417 1453 2449 Schneidewin

1338 2470 1399 2500 21*
