1684 2763
228 132 284 175 M.
315 135 438 175 VAL.
470 132 782 175 MARTIALIS

226 259 314 285 cara
342 247 452 285 daret
479 247 670 285 sollemne
698 245 769 285 tibi
797 246 980 296 cognatio
1010 259 1152 285 munus
1534 264 1551 295 5

281 325 354 350 nec
383 312 497 350 frater
525 310 639 349 nobis
668 324 741 349 nec
770 310 873 361 prior
902 318 1003 351 esset
1030 325 1135 350 avus.

228 390 333 415 nunc
362 383 516 414 sturnos
545 376 682 426 inopes
710 375 1046 426 fringillorumque
1075 378 1251 426 querelas

281 440 390 480 audit
419 448 457 480 et
485 448 621 491 arguto
650 454 806 491 passere
834 449 968 480 vernat
995 455 1086 492 ager
1100 456 1110 490 3

230 507 321 545 inde
350 507 537 544 salutatus
566 505 677 556 picae
706 507 917 556 respondet
945 514 1081 552 arator,

281 570 373 609 hinc
402 584 525 620 prope
553 583 707 609 summa
735 584 852 620 rapax
881 571 1020 609 milvus
1049 572 1099 610 ad
1127 577 1230 610 astra
1257 572 1371 610 volat.
1518 585 1554 608 ιο

230 635 418 674 mittimus
447 648 538 685 ergo
567 634 637 673 tibi
666 648 807 684 parvae
835 637 1069 674 munuscula
1096 635 1252 682 chortis,

283 699 412 751 qualia
441 700 471 738 si
501 699 650 750 recipis,
682 713 799 750 saepe
828 700 1072 751 propinquus
1101 700 1185 740 eris.

756 823 829 860 LV

233 907 339 944 Luce
368 905 689 955 propinquorum,
722 919 800 956 qua
827 906 994 956 plurima
1023 906 1187 945 mittitur
1215 907 1307 953 ales,

284 971 379 1008 dum
410 971 552 1008 Stellae
581 971 726 1017 turdos,
759 971 853 1009 dum
884 971 965 1019 tibi,
998 973 1147 1019 Flacce,
1179 984 1285 1022 paro,

231 1034 417 1074 succurrit
447 1034 562 1073 nobis
590 1034 727 1085 ingens
756 1048 1001 1086 onerosaque
1029 1037 1153 1083 turba,

285 1100 324 1138 in
355 1112 432 1149 qua
460 1112 502 1137 se
531 1098 698 1148 primum
729 1099 895 1149 quisque
924 1113 1136 1150 meumque
1165 1107 1285 1150 putat.

233 1164 471 1203 demeruisse
501 1165 600 1201 duos
630 1171 764 1202 votum
795 1172 852 1202 est
867 1178 877 1212 ,-
914 1165 1113 1203 offendere
1143 1166 1271 1215 plures
1539 1179 1554 1210 5

286 1228 347 1266 vix
377 1235 503 1266 tutum
519 1242 529 1276 ,-
567 1228 698 1266 multis
728 1228 880 1267 mittere
909 1229 1015 1267 dona
1043 1242 1157 1279 grave
1186 1235 1254 1267 est.

233 1307 310 1344 qua
339 1306 499 1343 possum
530 1295 612 1331 sola
640 1293 794 1331 veniam
824 1294 973 1332 ratione
1003 1293 1204 1332 merebor:

287 1371 360 1397 nec
390 1359 532 1397 Stellae
561 1359 695 1396 turdos
725 1371 798 1396 nec
828 1358 908 1405 tibi,
942 1359 1091 1405 Flacce,
1123 1358 1240 1397 dabo.

745 1480 838 1519 LVI

236 1564 543 1614 Spendophoros
574 1562 741 1612 Libycas
771 1561 922 1601 domini
951 1561 1047 1612 petit
1076 1560 1240 1611 armiger
1269 1559 1396 1598 urbis:

289 1642 390 1678 quae
419 1641 540 1678 puero
570 1629 694 1666 dones
724 1629 810 1674 tela7
843 1627 1012 1677 Cupido,
1045 1640 1146 1677 para,

238 1694 300 1731 illa
330 1693 473 1743 quibus
503 1693 661 1731 iuvenes
691 1691 775 1742 figis
805 1690 1023 1741 mollesque
1052 1692 1225 1741 puellas:

291 1758 338 1796 sit
368 1765 498 1795 tamen
528 1756 566 1794 in
597 1764 729 1795 tenera
759 1757 853 1794 levis
883 1764 920 1794 et
950 1758 1060 1794 hasta
1090 1768 1219 1793 manu.

238 1822 396 1861 loricam
426 1823 687 1871 clypeumque
716 1820 786 1859 tibi
814 1822 1045 1870 galeamque
1074 1819 1229 1858 remitto
1244 1832 1254 1866 3
1544 1834 1560 1866 5

291 1894 396 1925 tutus
426 1893 468 1924 ut
497 1885 655 1923 invadat
683 1884 838 1935 proelia,
870 1885 1000 1923 nudus
1029 1891 1116 1923 eat:

240 1964 318 1989 non
348 1951 486 1996 iaculo,
518 1963 598 1988 non
629 1963 721 1988 ense
750 1949 821 1987 fuit
849 1950 1025 1987 laesusve
1054 1947 1202 1998 sagitta,

293 2015 444 2053 casside
473 2015 568 2052 dum
598 2014 694 2052 liber
724 2015 1042 2064 Parthenopaeus
1072 2019 1162 2051 erat.

285 2119 360 2149 LIV
384 2128 402 2157 5
427 2128 503 2148 care
520 2117 637 2158 (Cam
659 2117 702 2148 T:
729 2128 804 2148 cara
820 2117 926 2147 BAsA
980 2117 1171 2148 sollemnati
1193 2116 1242 2149 T:
1265 2127 1291 2148 S.
1309 2117 1388 2148 mihi
1405 2117 1454 2149 CA
1544 2119 1564 2148 6

241 2174 271 2193 n.
285 2163 304 2193 s.
319 2173 351 2193 n.
366 2162 447 2191 haec
460 2161 565 2191 frater
577 2162 668 2201 (corr.
683 2161 787 2200 prior}
803 2171 830 2192 e.
843 2172 872 2192 a.
889 2160 936 2191 CA
993 2170 1008 2198 7
1029 2160 1165 2200 inopem
1178 2160 1225 2190 CA
1270 2160 1562 2200 fringillorumque

239 2205 369 2236 AACA:
390 2204 701 2242 fringuillarumque
719 2204 774 2233 BA
862 2215 883 2243 9
907 2204 941 2234 ifi
957 2204 991 2244 (i.
1004 2213 1027 2233 e.
1044 2204 1137 2241 inde)
1153 2203 1207 2233 ΒΑ
1225 2203 1274 2244 (in
1288 2204 1364 2244 LP)
1457 2214 1496 2235 10
1520 2205 1561 2235 ad

241 2249 351 2279 AACA
368 2260 374 2278 ;
399 2249 432 2277 in
446 2247 497 2277 ΒΑ
517 2259 524 2277 :
547 2247 604 2277 del.
624 2247 760 2277 Palmcr
774 2246 964 2286 (Hcrmath.
985 2247 1053 2277 xxi.
1077 2246 1150 2285 1675,
1171 2250 1206 2277 ut
1228 2247 1350 2278 miluus
1374 2247 1565 2287 tm'svll.fiat

246 2303 283 2322 12
307 2301 364 2322 sae
377 2301 473 2330 prop.
496 2290 571 2321 TCA
589 2293 660 2330 (per
672 2291 851 2330 haplogr.3)
1020 2289 1078 2320 LV
1098 2289 1171 2321 hab.
1198 2290 1227 2320 T
1391 2290 1466 2321 LVI
1487 2301 1561 2320 cum

245 2336 301 2365 LV
319 2334 410 2373 confl.
434 2334 481 2365 CA
675 2343 693 2362 2
716 2334 820 2363 donet
837 2333 935 2363 stella
951 2333 1006 2363 BA
1023 2333 1072 2373 (cf
1094 2332 1200 2374 LV2‚
1222 2334 1254 2375 δ’)
1271 2345 1278 2366 z
1304 2334 1411 2364 dones
1428 2334 1494 2364 tela
1514 2333 1562 2364 CA

246 2390 261 2417 7
286 2379 385 2419 ense]
403 2378 498 2408 hasta
517 2376 594 2417 (as-)
616 2376 664 2408 CA
681 2377 731 2417 (cs.
753 2387 782 2408 v.
799 2376 832 2415 4)
938 2377 957 2406 8
982 2381 1050 2407 tum
1070 2375 1115 2406 CA
