1684 2763
359 541 427 589 M.
477 541 636 589 VAL.
687 541 1100 590 MARTIALIS

424 666 1030 714 EPIGRAMMATON

594 773 765 828 LIBER
805 792 863 828 v1

720 879 737 915 I

280 951 439 986 SEXTVS
470 947 634 986 mittitur
663 948 726 986 hic
757 948 827 986 tibi
857 948 1025 995 libellus,

278 1013 318 1051 in
349 1013 483 1063 primis
513 1013 608 1050 mihi
639 1027 726 1051 care
757 1013 972 1051 Martialis:

279 1091 397 1127 quern
428 1077 458 1115 si
489 1077 640 1116 terseris
669 1091 762 1116 aure
791 1077 979 1127 diligenti,

277 1143 440 1182 audebit
469 1143 599 1181 minus
628 1143 765 1181 anxius
795 1151 1047 1193 tremensque

280 1222 440 1258 magnas
471 1209 649 1248 Caesaris
678 1209 717 1246 in
748 1222 889 1246 manus
918 1208 1061 1247 venire.

709 1292 751 1329 II

174 1363 300 1400 Lusus
330 1369 411 1400 erat
440 1375 571 1400 sacrae
600 1361 772 1401 conubia
801 1363 933 1400 fallere
962 1362 1112 1409 taedae,

226 1428 332 1465 lusus
362 1435 401 1466 et
429 1427 632 1466 inmeritos
662 1427 862 1465 execuisse
892 1440 1029 1465 mares.

173 1499 336 1541 utraque
367 1500 407 1530 tu
437 1492 633 1542 prohibeS‚
667 1493 822 1539 Caesar,
854 1491 1090 1541 populisque
1119 1491 1257 1529 futuris

226 1556 432 1605 succurris,
462 1557 569 1595 nasci
598 1571 698 1607 quos
728 1557 812 1595 sine
841 1558 977 1595 fraude
1006 1556 1129 1594 iubes.

173 1636 245 1661 nec
266 1623 391 1671 spado
411 1622 487 1660 iarn
510 1636 583 1661 nec
604 1624 794 1661 moechus
815 1622 885 1660 erit
906 1630 944 1660 te
964 1621 1144 1672 praeside
1165 1621 1392 1672 quisquam:

226 1695 264 1726 at
294 1687 480 1737 prius—o
510 1701 638 1726 mores
655 1691 757 1726 1—-et
785 1689 911 1738 spado
940 1688 1130 1725 moechus
1160 1695 1251 1726 erat.

698 1771 765 1808 III

175 1841 345 1879 Nascere
376 1840 579 1879 Dardanio
606 1841 843 1891 promissum
873 1853 1020 1879 nomen
1051 1841 1140 1879 Iulo

227 1919 317 1944 vera
346 1907 465 1944 deum
496 1906 654 1945 suboles
669 1921 680 1955 3
717 1920 888 1953 nascere,
921 1919 1062 1956 magne
1091 1919 1198 1956 puer,

175 1970 237 2009 cui
267 1978 377 2020 pater
404 1979 582 2009 aeternas
612 1980 701 2021 post
731 1973 887 2010 saecula
916 1972 1043 2009 tradat
1072 1972 1259 2018 habenas,

230 2035 376 2085 quique
405 2050 514 2086 regas
544 2037 681 2075 orbem
711 2051 802 2076 curn
833 2036 987 2075 seniore
1016 2050 1147 2075 senex.

176 2101 259 2151 ipsa
289 2101 359 2140 tibi
388 2101 504 2140 niveo
534 2104 659 2140 trahet
688 2116 805 2140 aurea
835 2101 977 2151 pollice
1008 2103 1072 2139 fila

230 2175 268 2205 et
297 2174 420 2205 totam
452 2167 582 2206 Phrixi
613 2167 713 2206 Iulia
742 2167 851 2206 nebit
881 2181 1007 2205 ovem.

223 2271 235 2301 1
261 2281 280 2309 5
305 2281 425 2310 magna
441 2272 495 2301 ΒΑ
669 2272 699 2302 11
726 2272 798 2303 hab.
826 2271 855 2301 T
898 2282 910 2301 1
938 2281 1035 2302 serae
1052 2270 1106 2300 BA
1196 2271 1274 2301 tede
1295 2270 1345 2309 (L
1373 2271 1508 2301 velseri(-

194 2315 276 2354 fae—)
298 2314 387 2354 (Qs)
405 2315 462 2344 BA
580 2326 600 2346 2
623 2316 724 2346 etiarn
743 2316 863 2345 merito
878 2315 925 2345 CA
1045 2326 1064 2353 4
1089 2315 1180 2353 quod
1198 2314 1279 2344 AA:
1304 2325 1388 2353 quos
1404 2314 1508 2344 EAG·x

179 2368 197 2395 5
222 2362 254 2387 te
273 2358 337 2397 pn]
357 2359 527 2397 trepeside
546 2359 594 2389 CA
655 2360 796 2398 quisque
815 2360 865 2399 (-q
886 2359 908 2396 ε)
927 2358 1039 2389 AACA
1165 2357 1213 2387 ΙΙΙ
1233 2368 1252 2387 2
1269 2358 1403 2388 soboles
1421 2357 1508 2387 corld‘

178 2403 198 2430 ὁ
222 2406 292 2432 toto
312 2401 423 2442 <PQf)
440 2403 488 2433 vel
503 2408 577 2433 tota
596 2401 656 2444 (L)
674 2403 727 2433 BA
818 2403 911 2432 nebit
930 2406 965 2433 ut
981 2401 1044 2432 vid.
1063 2413 1104 2433 ex
1120 2401 1215 2431 nubit
1232 2400 1287 2430 BA
