1684 2763
816 136 1283 173 EPIGRAMMATON
1317 137 1368 173 LI
1378 138 1418 173 B.
1454 138 1515 174 111

656 247 834 283 XXXVI

189 318 308 365 Quod
340 330 464 355 novus
494 325 532 354 et
562 330 686 366 nuper
715 318 840 355 factus
870 317 939 355 tibi
970 326 1139 367 praestat
1167 317 1329 364 amicus,

242 383 317 420 hoc
348 389 542 431 praestare
572 381 684 420 iubes
722 395 795 427 me,
831 381 1015 428 Fabiane,
1049 382 1142 420 tibi:

188 447 366 485 horridus
397 454 439 485 ut
468 446 595 496 primo
625 461 778 497 semper
808 455 845 485 te
875 461 991 485 mane
1021 449 1186 486 salutem

241 525 309 561 per
338 512 595 562 mediumque
625 513 750 550 trahat
781 526 844 550 me
875 520 941 550 tua
970 514 1065 550 sella
1095 514 1232 559 lutum,

188 580 310 615 lassus
341 586 382 615 ut
412 577 450 614 in
481 579 652 615 thermas
682 579 851 616 decuma
882 579 941 616 vel
971 577 1092 616 serius
1122 579 1218 616 hora

242 650 278 680 te
308 655 449 691 sequar
478 642 684 692 Agrippae,
717 656 807 680 cum
838 644 942 680 laver
972 642 1055 692 ipse
1085 642 1175 680 Titi.

192 709 282 745 Hoc
312 721 380 756 per
408 707 564 757 triginta
595 707 728 754 merui,
761 707 945 754 Fabiane,
981 709 1235 754 Decembres,

242 781 282 810 ut
313 773 385 810 sim
418 773 491 810 tiro
521 782 611 811 tuae
642 787 797 822 semper
826 772 1054 811 amicitiae?

190 839 264 875 hoc
295 837 428 884 merui,
462 838 646 884 Fabiane,
680 846 769 888 toga
799 838 966 887 tritaque
997 851 1175 887 meaque,

243 911 282 940 ut
314 904 493 941 nondum
524 904 659 941 credas
691 917 753 941 me
784 902 971 941 meruisse
1002 904 1171 941 rudem?
1483 919 1522 940 ιο

644 991 845 1027 XXXVII

191 1059 309 1098 Irasci
340 1068 492 1098 tantum
523 1059 655 1098 felices
686 1059 809 1098 nostis
839 1059 966 1097 amici.

243 1138 322 1163 non
355 1125 455 1163 belle
485 1124 622 1171 facitis,
655 1124 860 1162 sediuvat
890 1125 990 1163 hoc:
1030 1124 1157 1163 facite.

632 1214 857 1250 XXXVIII

190 1288 303 1331 Quae
333 1292 370 1321 te
400 1297 517 1322 causa
547 1283 662 1321 trahit
692 1285 752 1322 vel
783 1297 884 1334 quae
915 1283 1060 1321 fiducia
1091 1285 1276 1329 Romam,

247 1350 396 1387 Sexte?
434 1349 530 1399 quid
559 1357 626 1387 aut
657 1362 788 1399 speras
817 1358 884 1387 aut
915 1348 1014 1398 petis
1045 1348 1170 1387 inde?
1209 1350 1316 1386 refer.

192 1415 385 1452 ‘Causas'
415 1413 546 1463 inquis
578 1418 711 1463 ‘agam
744 1414 937 1453 Cicerone
968 1413 1149 1452 disertior
1178 1413 1263 1463 ipso

241 1488 360 1528 atque
390 1479 460 1516 erit
490 1479 529 1516 in
560 1478 700 1528 triplici
730 1493 800 1528 par
829 1478 924 1516 mihi
955 1492 1073 1516 nemo
1104 1479 1213 1516 foro.'

190 1543 279 1593 Egit
308 1543 513 1582 Atestinus
543 1557 680 1581 causas
710 1552 747 1582 et
778 1543 1153 1593 Civis—utrumque

242 1622 435 1656 noras—3
465 1610 535 1647 sed
565 1608 691 1647 neutri
723 1609 862 1659 pensio
892 1617 974 1647 tota
1004 1608 1086 1647 suit.

192 1673 255 1711 ‘Si
285 1673 381 1710 nihil
412 1673 504 1711 hinc
534 1673 674 1720 veniet,
707 1681 927 1723 pangentur
956 1673 1129 1711 carmina
1160 1672 1298 1711 nobis:

241 1738 424 1786 audieris,
453 1738 561 1776 dices
591 1752 677 1776 esse
708 1738 885 1776 Maronis
916 1740 1040 1788 opus.⁷

191 1803 370 1841 Insanis:
410 1817 548 1841 omnes
577 1803 715 1853 gelidis
746 1803 987 1853 quicumque
1017 1803 1182 1841 lacernis

242 1875 332 1905 sunt
362 1867 427 1914 ibi,
459 1869 642 1906 Nasones
672 1867 944 1918 Vergiliosque
974 1868 1094 1906 vides.
1484 1883 1520 1904 10

193 1932 326 1970 “Atria
355 1945 497 1982 magna
526 1934 679 1971 colam.⁷
727 1933 803 1970 Vix
833 1941 908 1971 tres
937 1941 1004 1970 aut
1035 1940 1220 1982 quattuor
1249 1931 1321 1970 ista

243 2011 301 2036 res
330 1997 436 2044 aluit,
468 1999 586 2047 pallet
616 2006 745 2036 cetera
774 1998 888 2036 turba
917 1999 1032 2036 fame.

194 2063 326 2111 ‘Quid
355 2063 525 2101 faciam?
564 2065 712 2101 suade:
752 2077 844 2101 nam
874 2071 1024 2118 certurn
1055 2071 1112 2101 est
1142 2063 1271 2101 vivere
1304 2064 1482 2101 Romae.7

246 2128 285 2166 Si
315 2129 444 2166 bonus
474 2142 526 2175 eS‚
559 2142 651 2166 casu
682 2128 821 2176 vivere,
855 2131 981 2176 Sexte,
1014 2137 1140 2178 potes,

234 2231 383 2261 XXXVI
408 2231 481 2262 hab.
507 2231 552 2270 T;
577 2242 625 2262 vv.
649 2242 710 2270 1ss4
728 2233 799 2263 hab.
820 2232 854 2262 R
985 2243 1004 2271 3
1028 2238 1062 2262 te
1079 2241 1214 2270 semper
1231 2231 1311 2261 AA:
1334 2240 1469 2269 semper
1487 2237 1518 2259 to

191 2274 296 2304 BACA
428 2285 448 2313 9
473 2280 587 2314 togata
603 2280 642 2305 tr.
663 2275 718 2305 BA
808 2286 966 2314 meraque
987 2275 1034 2306 CA

236 2317 403 2347 XXXVII
429 2329 448 2347 2
472 2319 582 2348 facere
601 2319 677 2348 BA:
701 2319 801 2350 facite
821 2319 868 2349 CA

235 2361 420 2390 XXXVIII
447 2372 496 2391 vv.
519 2371 599 2391 1—12
623 2363 695 2392 hab.
722 2362 751 2392 T
888 2373 901 2392 1
930 2368 961 2392 te
979 2373 1043 2393 om.
1065 2362 1112 2392 CA
1244 2371 1264 2399 3
1289 2360 1444 2391 disertior
1460 2359 1517 2387 ΑΛ

196 2404 384 2443 (discretior
406 2404 452 2434 Ti
475 2405 544 2435 CA:
567 2405 726 2435 disertius
745 2405 798 2435 ΒΑ
918 2408 938 2435 6
963 2416 1031 2436 non
1049 2416 1125 2436 oras
1144 2405 1203 2435 sed
1226 2404 1270 2435 T:
1306 2412 1445 2434 norasse
1464 2401 1517 2430 BA

195 2459 210 2485 7
236 2452 419 2486 tangentur
438 2446 484 2477 CA
620 2459 657 2478 12
681 2449 771 2479 aliud
790 2449 837 2479 CA
857 2450 977 2490 (iupro
994 2449 1039 2489 ui)
