1684 2763
196 159 252 195 M,
284 156 404 193 VAL.
438 154 749 192 MARTIALIS

676 266 827 303 LXXV

198 340 310 387 Quae
340 337 434 386 legis
463 349 580 374 causa
611 335 741 385 nupsit
771 335 840 373 tibi
870 333 1014 380 Laelia,
1046 333 1205 382 Quinte,

251 415 411 441 uxorem
441 408 552 452 potes
582 402 684 438 hanc
713 400 843 438 dicere
871 398 1096 449 legitimam.

664 493 836 530 LXXVI

202 565 369 605 Profecit
399 572 492 614 poto
524 562 772 601 Mithridates
802 575 918 611 saepe
947 574 1100 599 veneno

254 630 381 669 toxica
410 643 459 667 ne
489 635 648 678 possent
678 640 792 664 saeva
822 639 962 664 nocere
992 625 1076 663 sibi.

202 703 242 734 tu
272 707 431 744 quoque
461 691 594 730 cavisti
624 691 804 729 cenando
834 698 913 727 tam
944 691 1045 727 male
1074 702 1227 739 semper

256 773 304 797 ne
334 770 468 809 posses
499 769 698 805 umquam,
731 754 870 801 Cinna,
902 754 1025 804 perire
1054 754 1166 792 fame.

663 843 859 880 LXXVII

206 919 391 955 Narratur
421 915 521 953 belle
551 913 712 963 quidam
742 912 894 958 dixisse,
929 912 1106 957 Marulle,

259 981 325 1032 qui
355 989 392 1019 te
423 981 518 1018 ferre
548 981 678 1017 oleum
709 977 804 1016 dixit
835 977 873 1015 in
903 977 1086 1015 auricula.

652 1060 871 1096 LXXVIII

315 1132 354 1170 Si
384 1131 479 1169 tristi
509 1129 734 1168 domicenio
764 1129 927 1174 laboras,

315 1195 471 1241 Torani,
504 1202 614 1243 potes
644 1192 787 1231 esurire
817 1205 982 1230 mecum.

317 1274 396 1298 non
426 1261 567 1298 derunt
597 1257 677 1304 tibi,
709 1257 740 1295 si
770 1258 871 1295 soles
899 1257 1098 1306 προπίνειν,

318 1325 412 1362 viles
443 1324 706 1373 Cappadocae
734 1335 948 1370 gravesque
978 1320 1091 1371 porri,

319 1386 451 1426 divisis
481 1385 637 1434 cybium
668 1384 802 1422 latebit
832 1383 925 1421 ovis.
1520 1396 1536 1427 5

320 1459 486 1502 ponetur
515 1449 643 1499 digitis
673 1449 866 1487 tenendus
897 1447 991 1485 ustis

321 1517 428 1566 nigra
457 1514 644 1553 coliculus
674 1513 800 1551 virens
829 1514 983 1562 patella,

321 1582 515 1630 algentem
547 1579 667 1616 modo
697 1577 763 1627 qui
793 1576 946 1626 reliquit
976 1578 1144 1622 hortum,

323 1653 361 1683 et
391 1646 538 1694 pultem
569 1643 722 1680 niveam
752 1655 932 1692 premens
963 1642 1140 1687 botellus,

325 1718 362 1748 et
393 1710 542 1758 pallens
572 1708 661 1745 faba
690 1720 780 1744 cum
811 1707 975 1744 rubente
1004 1707 1123 1743 lardo.
1504 1719 1540 1740 10

329 1775 493 1811 Mensae
524 1784 685 1809 munera
714 1771 744 1808 si
775 1772 880 1808 voles
911 1771 1119 1816 secundae,

327 1844 543 1876 marcentes
572 1835 641 1873 tibi
671 1835 912 1885 porrigentur
941 1848 1038 1872 uvae

329 1910 366 1940 et
396 1915 539 1939 nomen
572 1900 652 1949 pira
681 1913 781 1949 quae
810 1901 937 1937 ferunt
967 1901 1160 1948 Syrorum,

329 1974 367 2005 et
396 1979 492 2015 quas
521 1966 639 2002 docta
668 1963 854 2013 Neapolis
883 1963 1037 2009 creavit,

331 2033 438 2069 lento
467 2038 671 2068 castaneae
700 2042 842 2078 vapore
872 2036 1019 2066 tostae:
1506 2041 1542 2071 15

331 2095 465 2133 vinum
496 2102 536 2132 tu
566 2093 683 2131 facies
713 2094 861 2131 bonum
892 2092 1078 2130 bibendo.

334 2161 426 2197 Post
456 2160 552 2196 haec
581 2157 713 2196 onmia
742 2159 839 2195 forte
868 2156 899 2194 si
929 2156 1101 2195 movebit

273 2261 400 2291 LXXV
427 2272 438 2291 1
466 2272 530 2299 qua
547 2261 599 2290 ΒΑ
744 2259 889 2289 LXXVI
913 2259 986 2289 lmb.
1012 2259 1072 2289 TR
1164 2267 1176 2287 1
1204 2256 1333 2296 proficit
1349 2257 1407 2286 ΑΑ
1478 2262 1548 2288 toto

228 2305 332 2335 BACA
422 2314 441 2334 2
465 2305 594 2342 possint
611 2302 722 2332 AABA
739 2314 746 2332 ε
763 2307 901 2341 possent
914 2302 961 2331 CA
1050 2312 1069 2340 4
1094 2301 1203 2340 possis
1215 2301 1272 2330 ΑΛ
1289 2312 1295 2330 :
1313 2311 1431 2339 posses
1443 2300 1546 2331 ΒΑίᾺ

231 2347 409 2378 LXXVIII
437 2358 452 2385 7
480 2348 593 2383 nigras
613 2347 660 2377 CA
741 2345 904 2376 culiculus
925 2345 978 2374 ΒΑ
1101 2346 1121 2374 8
1144 2345 1199 2383 qui
1217 2344 1313 2374 modo
1330 2344 1383 2373 ΒΑ
1511 2354 1548 2382 13

231 2390 357 2432 ferunt]
377 2395 497 2430 perunt
514 2390 568 2420 BA
660 2398 696 2428 15
722 2393 829 2420 testae
856 2388 902 2419 CA
921 2389 1010 2430 (cum
1027 2387 1056 2417 L
1073 2391 1147 2418 ante
1162 2388 1259 2428 corr.)
1278 2388 1312 2428 <e
1326 2390 1386 2426 pro
1401 2386 1436 2427 o>
