1684 2763
235 135 286 171 M.
323 135 391 170 VA
400 134 440 171 L.
475 134 557 171 MA
565 133 789 172 RTIALIS

759 247 814 286 CI

234 319 300 354 llla
332 330 471 354 manus
502 318 705 367 quondam
736 316 955 355 studiorum
987 317 1064 355 fida
1096 331 1271 355 meorum

283 391 319 419 et
351 381 438 419 felix
470 381 634 420 domino
663 390 838 432 notaque
868 382 1114 428 Caesaribus,

229 447 404 485 destituit
435 447 582 496 primos
612 446 744 485 viridis
779 447 1002 486 Demetrius
1031 461 1182 486 annos:

283 520 419 562 quarta
449 513 572 550 tribus
602 513 730 550 lustris
759 513 894 551 addita
924 512 1060 551 messis
1091 522 1180 551 erat.

230 592 278 615 ne
310 587 440 616 tamen
471 579 520 616 ad
552 578 702 627 Stygias
732 579 901 616 famulus
931 579 1189 617 descenderet
1221 580 1390 620 umbras.

285 652 409 681 ureret
440 643 659 693 inplicitum
691 657 781 681 cum
813 645 1000 682 scelerata
1030 644 1124 689 lues,

230 709 404 746 ‹·avimus
435 717 471 746 et
502 708 654 746 domini
686 708 744 746 ius
775 722 894 746 omne
924 708 1146 746 remisimus
1176 723 1317 759 aegro:

284 787 446 812 munere
476 774 617 823 dignus
648 782 728 811 erat
758 773 1004 811 convaluisse
1034 787 1134 812 meo.

230 839 348 877 sensit
379 839 567 877 deficiens
597 852 666 877 sua
695 839 867 889 praemia
899 852 1041 889 meque
1072 847 1278 888 patronum

283 905 376 942 (lixit
407 907 456 942 ad
488 905 656 942 infernas
686 904 784 943 liber
813 905 934 943 iturus
963 918 1095 954 aquas.

743 994 821 1031 CII

339 1058 415 1107 Qui
447 1058 570 1108 pinxit
600 1059 797 1096 Venerem
829 1065 947 1103 tuam,
982 1057 1132 1107 Lycori‚

339 1123 548 1170 blanditus,
581 1131 689 1173 puto,
721 1123 847 1172 pictor
876 1131 933 1161 est
966 1123 1179 1161 Minervae.

732 1212 834 1249 (5111

231 1277 292 1313 ‘si
325 1276 504 1314 dederint
534 1276 662 1326 superi
693 1275 826 1314 decies
857 1274 950 1312 mihi
982 1275 1087 1312 milia
1116 1278 1301 1314 centum'

283 1341 443 1379 dicebas
474 1342 665 1388 nondum,
698 1342 896 1387 Scaevola,
930 1340 1053 1378 iustus
1083 1354 1216 1390 eques,

232 1407 417 1455 ‘qualiter
446 1420 469 1443 o
499 1406 636 1452 vivam,
669 1420 787 1456 quam
818 1407 921 1455 large
951 1419 1150 1455 quamque
1181 1407 1294 1444 beate
1315 1408 1345 1443 3'

289 1472 471 1510 Riserunt
502 1471 633 1509 faciles
664 1480 701 1509 et
732 1471 901 1509 tribuere
931 1471 1005 1509 dei.

230 1537 423 1575 sordidior
454 1538 578 1574 multo
608 1544 695 1586 post
726 1538 803 1574 hoc
834 1544 934 1586 toga,
968 1538 1135 1586 paenula
1167 1536 1285 1586 peior,

283 1604 437 1640 calceus
467 1610 524 1640 est
554 1610 655 1640 sarta
684 1609 820 1652 terque
849 1609 1066 1651 quaterque
1095 1610 1209 1639 cute:

230 1670 359 1717 «leque
389 1669 527 1705 decem
559 1669 688 1717 plures
719 1680 873 1716 semper
902 1674 1104 1704 servantur
1134 1666 1270 1713 olivae,

283 1733 449 1782 explicat
479 1740 516 1771 et
547 1746 663 1771 cenas
693 1731 810 1769 unica
839 1744 976 1769 mensa
1005 1732 1114 1777 duas,

229 1806 265 1835 et
297 1797 505 1836 Veientani
537 1797 683 1834 bibitur
713 1798 798 1834 faex
827 1810 955 1834 crassa
985 1796 1135 1842 rubelli.

283 1876 368 1901 asse
398 1862 499 1900 cicer
529 1861 706 1912 tepidum
737 1868 891 1899 constat
922 1868 958 1898 et
987 1874 1073 1898 asse
1105 1862 1250 1898 Venus.

236 1931 276 1966 ln
309 1928 378 1974 ius,
412 1941 435 1964 0
466 1928 579 1964 fallax
609 1934 727 1976 atque
757 1925 955 1971 infitiator,
988 1939 1152 1963 eamus:

283 2001 348 2031 aut
378 1993 464 2030 vive
493 2000 559 2031 aut
589 1992 732 2039 decies,
765 1993 962 2037 Scaevola,
995 1992 1118 2029 redde
1148 1991 1241 2029 deis.

741 2092 836 2129 CIV

340 2156 449 2194 Picto
479 2157 587 2205 quod
618 2156 706 2205 iuga
736 2155 902 2194 delicata
932 2157 1035 2193 collo

338 2222 480 2270 pardus
510 2221 674 2258 sustinet
703 2221 972 2271 inprobaeque
1002 2219 1116 2270 tigres

274 2319 315 2348 (ΣΙ
344 2328 363 2356 3
387 2318 516 2359 viridis]
534 2319 728 2356 uiridesque
748 2318 797 2348 CA
930 2328 947 2357 7
971 2317 1092 2357 aegro]
1113 2326 1194 2355 ergo
1210 2316 1263 2346 BA

274 2362 353 2392 CIII
380 2373 398 2400 4
423 2361 589 2392 Aiserunt
610 2361 658 2391 CA
676 2361 859 2400 (Miserunt
877 2360 940 2400 Αἵ)
1085 2361 1105 2390 6
1129 2365 1162 2389 et
1178 2359 1338 2390 Heinsius

1524 923 1561 943 10

1522 1877 1560 1899 10

1442 2365 1560 2400 terque

230 2410 417 2445 quaterque
436 2406 489 2435 BA
505 2418 511 2435 ε
537 2405 654 2443 bisque
671 2409 858 2443 quaterque
878 2404 926 2434 CA
1034 2414 1050 2441 7
1077 2404 1134 2433 tibi
1153 2414 1241 2433 nunc
1259 2403 1313 2432 ΒΑ
1329 2415 1335 2433 z
1359 2413 1494 2443 semper
1512 2403 1560 2436 CA

234 2460 272 2480 ιο
296 2450 378 2479 citer
396 2449 442 2479 CA
539 2458 571 2478 11
599 2449 631 2478 in
652 2448 701 2478 ius
719 2458 739 2478 o
756 2447 828 2479 Ital.
846 2460 852 2478 :
880 2447 977 2477 illuso
997 2447 1077 2488 (pro
1094 2447 1165 2487 inl.)
1184 2447 1260 2477 BA:
1285 2447 1410 2477 iniusto
1432 2447 1480 2477 CA
