1684 2763
215 164 270 200 M.
303 162 424 199 VAL.
457 160 769 198 MARTIALIS

214 273 482 322 attonitusque
511 271 605 320 legis
638 272 778 309 ‘terrai'
806 269 1022 319 frugifera'1'‚'

269 337 413 376 Accius
444 344 481 375 et
511 335 705 385 quidquid
736 334 1007 384 Pacuviusque
1036 341 1210 372 vomunt.

217 404 285 441 Vis
315 403 441 440 imiter
470 409 628 447 veteres
662 399 879 446 Chrestille‚
912 407 1079 448 tuosque
1108 400 1273 448 poetas?

270 468 489 518 dispeream
519 466 558 503 ni
588 465 662 503 scis
692 466 866 503 mentula
895 463 990 514 quid
1020 463 1153 513 sapiat.

726 551 822 589 XCI

218 624 407 663 Aeolidos
439 624 595 662 Canace
625 621 724 658 iacet
755 621 830 658 hoc
860 621 1051 657 tumulata
1080 620 1298 669 sepulchro,

272 688 408 727 ultima
437 686 499 725 cui
530 699 670 735 parvae
699 684 866 734 septima
894 683 1000 722 venit
1029 683 1166 722 hiems.

217 755 267 791 ah
298 755 435 798 scelus,
467 752 517 789 ah
547 750 720 788 facinus!
760 762 942 798 properas
973 747 1040 798 qui
1069 750 1173 796 flere,
1203 748 1334 793 viator,

273 831 352 856 non
383 817 472 854 licet
502 815 566 853 hic
595 814 696 852 vitae
726 815 775 852 de
805 814 993 852 brevitate
1023 813 1155 863 queri:

219 883 362 921 tristius
393 889 450 920 est
479 883 558 919 leto
587 880 653 918 leti
682 893 831 929 genus:
871 879 1027 917 horrida
1055 880 1183 916 vultus
1528 896 1544 925 5

273 947 431 997 apstulit
461 954 499 984 et
529 953 663 983 tenero
693 944 794 983 sedit
824 944 862 982 in
893 958 959 982 ore
988 945 1083 990 lues,

221 1012 383 1063 ipsaque
413 1012 590 1049 crudeles
620 1011 784 1048 ‘ederunt
815 1010 949 1047 oscula
979 1008 1105 1046 morbi

274 1091 347 1115 nec
377 1077 468 1114 data
497 1082 587 1112 sunt
617 1074 733 1123 nigris
764 1082 845 1112 tota
874 1074 1014 1111 labella
1044 1073 1155 1123 rogis.

221 1142 260 1181 Si
290 1150 369 1179 tam
400 1139 601 1190 praecipiti
631 1140 782 1177 fuerant
811 1147 973 1176 ventura
1002 1139 1144 1184 volatu,

274 1207 491 1245 debuerant
520 1204 594 1242 alia
628 1205 705 1242 fata
737 1203 864 1241 venire
893 1203 964 1240 via.
1510 1218 1548 1239 10

221 1273 289 1310 sed
321 1284 424 1308 mors
454 1269 559 1308 vocis
590 1270 660 1308 iter
689 1268 908 1318 properavit
937 1269 1094 1306 cludere
1126 1268 1302 1313 blandae,

280 1350 330 1374 ne
360 1342 491 1385 posset
521 1335 636 1372 duras
667 1335 820 1371 flectere
854 1332 985 1382 lingua
1014 1333 1118 1371 deas.

789 1461 839 1479 μ’.

226 1491 415 1530 Mentitur
444 1491 510 1541 qui
541 1499 578 1528 te
608 1490 805 1537 vitiosum,
834 1489 953 1536 Zoile‚
985 1488 1089 1527 dicit.

277 1571 355 1595 non
385 1556 546 1594 vitiosus
577 1556 697 1593 bomo
727 1568 781 1602 eS‚
811 1554 928 1601 Zoile‚
961 1555 1030 1592 sed
1059 1553 1207 1591 vitium.

710 1643 853 1681 XCIII

226 1713 372 1752 Pierios
402 1713 499 1751 vatis
529 1712 731 1751 Theodori
761 1714 919 1750 flamma
948 1720 1109 1762 penates

277 1777 447 1816 abstulit.
510 1779 601 1815 Hoc
634 1777 759 1814 Musis
790 1785 827 1814 et
857 1776 940 1823 tibi,
971 1776 1142 1821 Phoebe,
1174 1777 1330 1825 placet?

225 1844 260 1881 O
291 1844 428 1889 scelus,
460 1855 484 1880 o
515 1854 699 1890 magnum
730 1841 879 1878 facinus
909 1840 1136 1889 crimenque
1165 1841 1340 1885 deorum,

277 1921 356 1946 non
385 1906 475 1945 arsit
504 1906 645 1956 pariter
673 1906 780 1955 quod
810 1907 951 1943 domus
981 1912 1018 1943 et
1047 1904 1254 1943 dominus!

714 1988 850 2026 XCIV

226 2060 346 2107 Quod
377 2057 541 2096 nimium
572 2057 666 2096 lives
696 2056 837 2095 nostris
867 2064 904 2094 et
933 2056 1080 2106 ubique
1110 2056 1249 2094 libellis

278 2123 462 2170 detrahis,
493 2123 677 2173 ignosco:
716 2135 833 2171 verpe
863 2129 990 2171 poeta,
1021 2120 1137 2171 sapis.

268 2226 328 2256 XC
354 2236 372 2265 5
398 2226 499 2256 setrai
519 2226 567 2257 CA
674 2236 691 2264 7
717 2225 822 2256 visum
849 2225 912 2255 iter
938 2224 986 2254 CA
1052 2225 1213 2255 christille
1229 2225 1283 2254 BA
1298 2224 1415 2266 (sedin
1433 2225 1541 2256 lemm.

224 2279 368 2300 CHREST.
383 2274 419 2299 ut
428 2270 509 2310 vid.)
601 2270 620 2299 8
643 2270 707 2300 nisi
721 2269 767 2308 (ni
780 2269 828 2299 sci
840 2268 885 2309 L)
901 2269 975 2299 BA:
992 2268 1025 2298 ni
1040 2268 1088 2298 CA
1219 2268 1297 2298 XCI
1327 2279 1339 2298 1
1365 2268 1543 2309 Aeolidos]

224 2313 339 2343 Aeolis
356 2313 421 2343 heu
439 2313 476 2342 N
573 2313 720 2343 canache
737 2312 824 2343 codd.
993 2323 1013 2342 2
1037 2311 1170 2342 ultimas
1188 2311 1282 2351 (EA)
1302 2312 1352 2342 vel
1364 2311 1480 2342 ultirna
1498 2312 1547 2342 CA

224 2366 243 2395 3
268 2357 309 2386 ah
327 2356 375 2385 bis
389 2367 454 2387 0171.
474 2356 528 2385 ΒΑ
671 2356 750 2394 quid
768 2355 844 2386 BA:
868 2354 921 2394 qui
941 2354 990 2385 CA
1008 2355 1099 2396 (quia
1114 2354 1159 2391 E)
1328 2356 1349 2384 6
1372 2355 1479 2394 aptilit
1498 2355 1547 2386 CA

224 2406 359 2430 teneros
386 2398 435 2429 CA
459 2398 538 2437 (seq.
557 2400 587 2435 s)
767 2409 805 2428 10
829 2399 915 2428 sacta
934 2398 982 2429 CA
1254 2397 1369 2428 XCIII
1394 2398 1468 2430 hab.
1487 2398 1547 2429 TR

226 2443 337 2473 XCIV
360 2441 433 2474 [ιώ.
456 2442 489 2473 Τ.
541 2442 627 2473 Cum
645 2441 759 2472 XCIII
777 2441 867 2480 confl.
890 2441 938 2473 C*
1086 2451 1099 2471 1
1126 2441 1223 2482 lives]
1244 2441 1372 2472 leuibus
1394 2441 1423 2472 T
