1684 2763
251 154 307 193 M.
340 154 462 192 VAL.
498 153 812 192 MARTIALIS

754 267 855 303 XIV

250 332 374 369 Hunc
403 343 522 380 quem
552 343 689 369 mensa
717 329 799 377 tibi,
831 343 949 380 quem
980 343 1077 368 cena
1106 328 1253 380 paravit
1282 328 1453 368 amicum

303 409 389 434 esse
418 403 531 445 putas
560 396 662 434 fidae
692 402 829 445 pectus
859 395 1085 434 amicitiae?

247 473 385 511 aprum
415 468 520 499 amat
550 468 588 499 et
617 462 759 499 mullos
790 468 828 499 et
857 474 997 499 sumen
1028 467 1065 498 et
1095 466 1233 507 ostrea,
1267 473 1347 498 non
1382 467 1429 498 te.

303 532 383 563 tam
414 525 515 564 bene
545 524 576 562 si
606 537 757 571 cenem,
789 524 921 562 noster
950 524 1100 563 amicus
1131 524 1212 563 erit.

777 605 855 640 XV

251 668 455 719 Inscripsit
484 668 643 706 tumulis
673 675 823 718 septem
854 669 1039 706 scelerata
1068 668 1239 706 virorum

306 735 378 772 ‘Se
407 733 568 772 fecisse'
599 734 736 773 Chloe.
797 733 905 781 Quid
935 740 1027 783 pote
1057 733 1304 783 simplicius?

760 816 858 853 XVI

252 880 473 920 Consilium
502 881 650 918 formae
680 881 883 929 speculum
914 879 1120 929 dulcisque
1149 879 1312 930 capillos

305 947 519 995 Pergameo
549 945 680 995 posuit
710 946 816 983 dona
845 952 994 983 sacrata
1023 946 1100 983 deo

250 1010 314 1049 ille
343 1024 439 1060 puer
468 1018 550 1048 tota
579 1010 744 1048 domino
773 1009 1013 1060 gratissimus
1043 1011 1143 1057 aula,

305 1075 466 1114 nomine
496 1075 563 1124 qui
593 1075 718 1124 signat
748 1082 924 1124 tempora
953 1088 1071 1113 verna
1100 1088 1183 1113 suo.

252 1139 360 1178 Felix
389 1153 489 1189 quae
519 1139 585 1177 tali
614 1147 795 1178 censetur
824 1153 985 1178 munere
1016 1141 1152 1177 tellus!
1562 1155 1578 1185 5

305 1218 378 1243 nec
408 1205 683 1254 Ganymedeas
714 1206 845 1242 mallet
875 1204 1020 1242 habere
1049 1218 1194 1243 comas.

748 1287 870 1323 XVII

253 1352 428 1389 Latonae
458 1351 680 1388 venerande
710 1364 844 1400 nepos,
877 1350 944 1400 qui
974 1349 1133 1388 mitibus
1163 1350 1293 1388 herbis

307 1417 515 1454 Parcarum
546 1429 680 1454 exoras
710 1429 832 1465 pensa
861 1416 1078 1464 brevesque
1108 1417 1227 1462 colos,

252 1482 324 1519 hos
354 1480 424 1518 tibi
454 1481 633 1518 laudatos
664 1480 838 1527 domino,
872 1488 953 1518 rata
981 1488 1082 1527 vota,
1115 1480 1276 1530 capillos

304 1544 368 1583 ille
398 1552 487 1582 tuus
518 1544 630 1582 Latia
659 1544 762 1582 misit
791 1545 841 1583 ab
872 1545 968 1582 urbe
997 1559 1093 1594 puer
1108 1559 1118 1593 3

250 1609 405 1649 addidit
434 1617 472 1648 et
501 1609 670 1647 nitidum
701 1609 857 1647 sacratis
888 1609 1059 1648 crinibus
1090 1610 1238 1656 orbem,
1562 1626 1578 1656 5

306 1687 385 1723 quo
415 1673 504 1712 felix
532 1674 650 1712 facies
680 1674 809 1713 iudice
839 1682 922 1712 tuta
951 1674 1031 1712 fuit.

251 1740 315 1777 Tu
345 1738 523 1776 iuvenale
552 1740 673 1776 decus
703 1752 822 1785 serva,
854 1753 903 1777 ne
932 1738 1130 1789 pulchrior
1159 1738 1221 1777 ille

306 1802 346 1841 in
376 1804 492 1852 longa
521 1803 634 1840 fuerit
663 1817 781 1852 quam
813 1803 988 1842 breviore
1022 1817 1146 1842 coma.

255 1947 326 1984 Est
355 1944 635 1994 mihi—sitque
664 1959 801 1994 precor
831 1947 991 1996 longum
1022 1953 1060 1984 te
1089 1945 1278 1995 praeside,
1312 1946 1508 1985 Caesar—

308 2023 371 2048 rus
402 2009 621 2056 minimum,
653 2010 759 2060 parvi
789 2018 878 2048 sunt
908 2018 945 2049 et
975 2010 1015 2048 in
1044 2011 1140 2049 urbe
1170 2012 1277 2049 lares.

298 2112 381 2143 XIV
403 2112 475 2143 lzab.
489 2112 522 2142 R
593 2123 606 2142 1
635 2112 733 2143 Nunc
747 2113 781 2143 R
848 2124 868 2152 3
892 2118 925 2144 et
939 2114 1074 2155 sumen]
1090 2124 1209 2144 sumen
1220 2113 1254 2143 R
1331 2125 1400 2144 non
1417 2113 1465 2153 te]
1480 2119 1578 2144 noctr-

257 2155 307 2187 CA
399 2167 417 2194 4
444 2166 549 2186 caene
565 2162 700 2187 nostrae
715 2157 748 2186 R
794 2158 856 2187 crit
872 2157 932 2187 ΛΑ
945 2161 980 2187 ut
994 2157 1058 2188 vid.
1079 2157 1140 2198 <-is
1157 2156 1190 2186 R
1207 2158 1239 2187 in
1258 2158 1336 2197 νας.)
1351 2157 1406 2187 ΒΑ
1421 2169 1428 2188 :
1452 2157 1519 2188 eris
1531 2158 1578 2188 CA

298 2198 363 2229 XV
390 2209 403 2228 1
430 2199 564 2229 tumulis
580 2199 657 2229 BA:
681 2200 807 2230 tumulo
826 2199 876 2230 CA

299 2242 377 2272 XVI
403 2253 478 2273 cum
496 2242 560 2273 XV
576 2243 667 2281 confl.
689 2242 739 2273 CA
826 2254 846 2273 2
871 2243 1058 2281 Pergamea
1073 2243 1129 2273 ΒΑ
1267 2253 1287 2282 3
1312 2243 1397 2283 tota]
1416 2248 1512 2274 tanto
1531 2243 1579 2273 CA

259 2285 333 2325 (pro
351 2285 437 2323 tato)
554 2287 690 2316 dominc
708 2286 735 2315 L
868 2297 887 2324 4
912 2287 1046 2316 nomina
1069 2290 1104 2316 nt
1123 2286 1186 2317 vid.
1205 2286 1261 2316 BA
1370 2287 1480 2325 signat
1502 2286 1557 2316 BA
1573 2299 1579 2316 :

256 2329 368 2367 signet
387 2328 436 2358 CA
621 2329 717 2360 XVII
743 2329 816 2360 hab.
842 2329 875 2361 T.
928 2329 1014 2360 Cum
1032 2329 1112 2359 XVI
1131 2330 1222 2368 coufl.
1243 2329 1293 2360 CA
1401 2340 1420 2368 3
1445 2331 1534 2360 domi
1557 2330 1585 2359 T

257 2374 337 2412 (pro
365 2371 528 2412 dominil)
618 2373 648 2403 d.
681 2383 705 2403 r.
730 2378 808 2403 uota
836 2372 919 2404 AA:
951 2374 981 2404 d.
1013 2383 1073 2403 sua
1099 2378 1177 2403 uota
1201 2372 1280 2403 BA:
1312 2373 1342 2405 d.
1369 2383 1393 2405 r.
1421 2383 1504 2404 uoce
1531 2372 1579 2404 CA

255 2417 276 2446 6
299 2415 390 2455 quod
411 2414 441 2446 T
524 2415 622 2446 faciet
640 2415 690 2446 CA
778 2420 848 2447 tota
867 2415 916 2447 CA
1047 2417 1067 2446 8
1090 2416 1213 2447 fuerint
1230 2416 1278 2447 CA
