1684 2763
801 137 1271 178 EPIGRAMMATON
1303 141 1407 178 LIB.
1442 142 1499 178 lv

171 247 423 297 praetulimus
455 247 571 286 tantis
601 250 729 286 solum
760 257 809 296 te,
843 251 1046 298 Postume,
1076 251 1229 300 rcgnis:

222 327 370 363 pauper
398 327 481 351 eras
512 321 550 351 et
579 327 700 363 eques
731 315 800 353 sed
832 314 928 352 mihi
959 317 1097 353 consul
1127 329 1221 354 eras.

170 387 298 415 tecum
329 386 386 416 ter
414 379 537 416 denas
567 379 780 425 numeravi,
814 381 1013 427 Postume,
1047 380 1230 420 brumas:

221 443 444 481 communis
475 443 589 482 nobis
620 445 743 482 lectus
774 452 811 482 et
841 459 943 483 unus
973 453 1065 483 erat.

168 508 243 546 iam
273 509 421 547 donare
450 516 573 558 potes,
606 509 682 547 iam
713 511 886 559 perdere,
918 512 1057 560 plenus
1086 512 1295 558 honorum,

220 575 346 623 largus
376 587 521 624 opum:
561 583 737 624 expecto,
770 577 969 623 Postume,
1002 575 1097 626 quid
1127 576 1256 614 facias.

166 638 218 675 nil
248 638 342 676 facis
372 646 410 677 et
440 652 568 677 serum
599 648 657 678 est
685 639 805 678 alium
836 641 931 678 mihi
961 655 1147 691 quaerere
1177 655 1318 691 regem.

223 704 323 750 Hoc,
356 705 540 753 Fortuna,
573 707 732 754 placet?
792 708 1029 745 ‘Postumus
1059 706 1258 756 inposuit.'
1459 725 1490 746 Δ(

165 891 272 939 Quid
303 892 531 930 recitaturus
561 892 781 931 circumdas
811 895 954 932 vellera
983 895 1116 932 collo?

217 957 457 995 conveniunt
488 958 628 996 nostris
658 958 817 996 auribus
848 958 921 996 ista
951 958 1085 1009 magis.

657 1074 776 1111 XLII

162 1149 200 1186 si
231 1148 316 1198 quis
346 1150 444 1188 forte
474 1149 569 1187 mihi
598 1149 722 1199 possit
752 1158 946 1200 praestare
976 1150 1139 1200 roganti,

213 1213 317 1260 audi,
350 1227 469 1263 quem
500 1228 677 1264 puerum,
711 1216 863 1262 Flacce,
895 1228 1030 1264 rogare
1059 1215 1187 1254 velim.

162 1278 323 1317 Niliacis
352 1279 522 1330 primum
551 1293 648 1330 puer
676 1280 740 1319 hic
770 1289 952 1319 nascatur
981 1280 1021 1319 in
1052 1281 1152 1320 oris:

214 1344 408 1394 nequitias
438 1346 551 1383 tellus
581 1344 653 1383 scit
682 1346 775 1384 dare
804 1348 912 1384 nulla
941 1346 1075 1396 magis.

162 1409 208 1446 sit
238 1409 327 1448 nive
357 1409 587 1449 candidior:
627 1424 799 1460 namque
828 1410 868 1448 in
900 1411 1122 1450 Mareotide
1151 1412 1261 1449 fusca

214 1473 411 1523 pulchrior
441 1481 498 1512 est
528 1482 676 1524 quanto
706 1475 825 1513 rarior
853 1475 925 1514 iste
955 1477 1072 1514 color.

160 1538 309 1577 lumina
338 1539 531 1578 sideribus
561 1547 710 1578 certent
739 1541 958 1590 mollesque
988 1542 1185 1590 flagellent

214 1605 315 1642 colla
344 1617 505 1642 comae:
546 1612 664 1642 tortas
695 1618 775 1642 non
804 1618 907 1654 amo,
941 1607 1095 1653 Flacce,
1125 1619 1270 1644 comas.

160 1669 265 1706 frons
295 1668 422 1707 brevis
451 1681 569 1719 atque
600 1671 742 1708 modus
772 1670 907 1709 leviter
935 1670 983 1708 sit
1013 1670 1171 1709 naribus
1202 1671 1324 1718 uncis,

215 1733 415 1772 Paestanis
445 1735 610 1773 rubeant
638 1736 793 1773 aemula
822 1735 929 1774 labra
957 1735 1065 1773 rosis.
1454 1754 1491 1774 10

160 1811 276 1848 saepe
305 1807 343 1836 et
372 1800 573 1838 nolentem
604 1807 717 1849 cogat
747 1799 924 1850 nolitque
953 1802 1164 1848 volentem,

212 1863 369 1902 liberior
397 1864 562 1902 domino
591 1878 708 1915 saepe
738 1865 786 1903 sit
815 1865 878 1904 ille
908 1879 980 1904 suo
995 1880 1005 1914 3

160 1937 197 1966 et
228 1928 362 1966 timeat
390 1942 543 1979 pueros,
576 1931 758 1968 excludat
787 1943 905 1980 saepe
935 1932 1110 1980 puellas:

211 1992 267 2031 vir
295 1993 463 2043 reliquis,
494 1994 563 2032 uni
592 1995 640 2033 sit
668 2008 765 2046 puer
793 1995 856 2034 ille
886 1995 993 2034 mihi.

202 2097 264 2127 XL
289 2107 305 2136 7
331 2098 495 2127 honorem
514 2097 570 2127 BA
680 2109 700 2138 9
723 2109 840 2129 serum
858 2098 974 2129 talium
986 2099 1042 2130 ΒΑ
1060 2100 1147 2139 (pro
1162 2105 1308 2130 serumst
1327 2099 1428 2130 alium
1441 2101 1463 2136 ἲ)
1483 2112 1488 2129 ;

161 2151 272 2170 serum
290 2145 342 2170 est
357 2141 457 2170 alium
476 2140 524 2171 CA

201 2183 279 2214 XLI
307 2194 326 2214 2
351 2183 408 2214 illa
425 2184 501 2214 BA:
527 2185 590 2215 ista
609 2184 656 2214 CA
874 2185 972 2216 XLII
996 2185 1488 2225 l1ab.T;vv.11-16l1ab.R

163 2238 173 2256 1
201 2227 308 2265 possit
331 2227 413 2257 AA:
437 2233 553 2267 posset
577 2228 686 2259 BACA
747 2228 873 2259 locanti
893 2229 957 2262 (vel
976 2229 1044 2259 ioc-
1050 2232 1060 2259 i
1088 2229 1135 2260 CA
1224 2240 1243 2259 2
1268 2239 1389 2268 rogare
1405 2229 1489 2258 ΑΑε

159 2271 269 2300 locare
285 2270 392 2301 BACA
411 2271 499 2307 (vel'
492 2281 557 2301 ioc
547 2272 573 2307 >
662 2283 682 2310 4
708 2273 858 2311 nequitia
879 2273 922 2305 T:
949 2273 1132 2312 nequitiam
1151 2273 1227 2302 ΒΑ·
1222 2296 1228 2303 .
1252 2273 1419 2310 nequitias
1442 2272 1489 2302 CA

159 2314 179 2342 6
203 2314 266 2343 iste
284 2314 377 2344 color
392 2314 523 2345 AACA:
548 2324 624 2345 esse
640 2316 728 2346 solet
745 2316 801 2345 BA
931 2327 952 2355 9
975 2317 1097 2346 leuiter
1113 2316 1194 2348 AA:
1220 2316 1369 2346 breuiter
1381 2315 1489 2345 BACA

164 2366 203 2386 10
226 2357 345 2387 rubeat
362 2357 410 2388 CA
561 2368 598 2397 13
623 2358 673 2398 et]
692 2364 726 2389 at
742 2358 776 2388 R
925 2370 962 2398 14
988 2359 1038 2390 vis
1057 2359 1104 2390 CA
1121 2363 1153 2400 (s
1167 2364 1227 2398 pro
1245 2361 1273 2400 r)
1366 2359 1487 2396 reliqui

161 2399 208 2430 tui
228 2400 275 2430 CA
291 2404 368 2441 (pro
384 2400 523 2440 reliquis
541 2402 585 2442 sii,
601 2401 620 2433 i.
634 2412 658 2433 e.
679 2412 704 2433 r.
722 2403 796 2444 uni)
