1684 2763
214 136 268 172 M.
303 137 375 173 YA
383 136 423 173 L.
457 136 771 177 MARTIALIS

213 267 250 298 at
283 274 354 306 me,
387 274 489 310 quae
519 274 633 311 passa
661 269 719 300 est
749 262 866 301 furias
897 269 934 301 et
964 275 1111 301 cornua
1142 261 1251 306 tauri,

269 325 435 364 noluerit
465 326 543 364 diei
574 340 692 376 quam
725 327 803 378 pila
832 327 959 377 prima
989 340 1111 365 suam.

215 391 317 429 misit
349 393 576 440 Agenoreas
607 393 750 432 Cadmi
781 393 850 431 tibi
882 401 981 431 terra
1010 394 1209 431 lacernas:

271 470 348 494 non
380 458 527 495 vendes
558 458 730 496 nummis
760 458 923 497 coccina
952 466 1085 496 nostra
1114 456 1247 495 tribus.

214 530 254 558 tu
289 521 457 571 Libycos
489 523 600 561 Indis
629 523 837 573 suspendis
867 523 1052 562 dentibus
1082 522 1213 561 orbis:

269 587 426 625 fulcitur
455 596 553 626 testa
583 588 713 638 fagina
743 603 879 628 mensa
908 588 1015 626 mihi.

216 653 404 690 inmodivi
436 653 505 691 tibi
537 655 636 692 flava
665 662 801 703 tegunt
831 655 1091 703 chrysendeta
1121 653 1254 691 mulli:

270 720 457 757 concolor
487 719 524 756 in
556 727 699 766 nostra,
731 733 939 765 eammare,
971 720 1084 756 lance
1114 718 1240 756 rubes.

216 798 304 831 grex
336 792 424 822 tuus
456 784 578 823 Iliaco
609 793 761 835 poterat
791 793 938 823 certare
967 784 1158 822 cinaedo:

203 877 212 882 .
269 857 307 886 at
339 849 432 886 mihi
463 850 653 888 succurrit
683 864 752 900 pro
783 851 1016 899 Ganymede
1047 862 1199 887 manus.

215 928 259 951 ex
291 914 434 963 opibus
464 915 581 953 tantis
610 915 729 953 veteri
760 916 920 965 fidoque
950 914 1075 953 sodali

271 980 341 1016 (las
373 979 467 1017 nillil
499 988 535 1019 ct
566 980 675 1027 (licis,
709 981 901 1027 Candide,
936 983 1038 1019 κοινὰ
1058 980 1210 1029 φίλων.>

715 1098 849 1134 XLIV

332 1177 416 1215 Emi
449 1191 516 1216 seu
548 1192 711 1228 puerum
743 1186 924 1228 togamve
954 1191 1092 1228 pexam

327 1257 395 1281 seu
427 1252 512 1289 tres,
547 1252 587 1282 ut
618 1252 721 1293 puta,
755 1252 988 1293 quattuorve
1018 1244 1145 1284 libras.

327 1310 466 1346 Sextus
497 1309 674 1359 protinus
705 1308 768 1347 ille
799 1311 1002 1355 fenerator,

328 1388 446 1423 <luem
478 1374 602 1412 nostis
631 1382 802 1412 veterem
835 1387 967 1412 meum
998 1375 1186 1415 sodalem,

331 1454 378 1477 ne
409 1439 504 1489 quid
535 1441 633 1478 forte
664 1447 793 1490 petam
825 1439 936 1478 timet
966 1447 1168 1489 cavetque.

329 1513 365 1543 et
397 1519 542 1551 secum,
576 1507 645 1543 sed
676 1514 717 1543 ut
747 1505 917 1550 audiam,
950 1512 1148 1543 susurrat:

332 1572 513 1620 ‘Septem
546 1571 652 1608 milia
681 1571 811 1609 debeo
842 1571 1041 1617 Secundo,

334 1636 495 1673 Phoebo
526 1643 725 1685 quattuor,
754 1635 940 1673 undecim
974 1634 1139 1676 Phileto,

329 1709 366 1738 et
396 1702 593 1749 quadrans
625 1701 719 1739 mihi
750 1702 879 1738 nullus
909 1708 967 1739 est
997 1700 1035 1737 in
1065 1702 1177 1738 area.¹

329 1764 366 1801 Ο
395 1765 543 1813 grande
572 1763 772 1813 ingenium
805 1763 879 1802 mei
911 1762 1079 1801 sodalis!

331 1827 472 1863 durum
504 1833 572 1872 est,
605 1827 731 1871 Sexte,
764 1839 914 1875 negare,
948 1838 1037 1864 eum
1069 1824 1224 1873 rogaris.

330 1898 480 1939 quanto
509 1890 655 1937 durius,
687 1898 899 1941 antequam
930 1889 1097 1940 rogeris!

725 2009 761 2044 X
768 2008 837 2044 LV

224 2095 338 2138 Quae
367 2089 436 2127 tibi
469 2103 547 2127 non
579 2089 706 2127 stabat
736 2088 911 2139 praecisa
941 2094 998 2126 est
1028 2088 1214 2133 mentula,
1247 2087 1400 2137 Glypte.

276 2156 452 2201 demens,
484 2168 574 2193 cum
606 2156 705 2193 ferro
735 2154 831 2204 quid
862 2153 964 2192 tibi?
995 2154 1131 2191 Gallus
1162 2165 1256 2190 eras.

266 2259 383 2290 XLIII
410 2270 428 2298 5
454 2259 541 2290 furia
558 2260 618 2290 sed
638 2259 717 2299 {sot}
741 2259 789 2289 CA
926 2268 964 2288 ιο
987 2262 1079 2288 texta
1099 2256 1149 2287 CA

268 2303 379 2333 XLIV
404 2314 422 2332 2
448 2304 501 2333 uel
519 2303 574 2332 BA
591 2306 672 2343 <pro
690 2308 724 2333 ut
737 2305 764 2342 ἓ)
781 2314 787 2332 :
811 2307 847 2332 ut
867 2301 916 2333 CA
1049 2303 1070 2331 6
1093 2301 1152 2331 scd
1172 2301 1224 2341 ut]
1243 2300 1329 2330 sicut
1349 2300 1398 2330 CA

225 2347 354 2385 rogeris
373 2346 426 2376 BA
442 2358 448 2376 :
474 2348 601 2386 rogaris
621 2347 669 2377 CA

270 2391 363 2420 XLV
387 2390 458 2421 lmb.
482 2391 514 2421 R
650 2401 662 2421 1
690 2389 770 2429 gille
787 2389 845 2419 ΑΑ
864 2389 914 2429 (cs.
935 2388 1053 2420 Gallus
1070 2399 1098 2419 v.
1119 2387 1153 2427 2)
1173 2399 1179 2418 z
1203 2387 1319 2427 glypte
1338 2386 1443 2418 ΒΑΕἎ

1512 603 1550 625 10

1519 1775 1556 1798 10

1520 2309 1555 2330 11
