1684 2763
775 159 1032 197 EPIGRAM
1041 159 1242 197 MA'I'ON
1275 160 1327 196 LI
1338 161 1377 196 13.
1413 161 1470 197 IX

613 282 772 319 LXXII

143 358 266 404 Liber,
300 359 511 407 Amyclaea
540 359 708 396 frontem
738 357 873 396 vittate
902 371 1059 405 corona,

192 422 258 472 qui
287 422 414 472 quatis
445 421 623 460 Ausonia
650 422 811 460 verbera
841 421 958 460 Graia
988 435 1117 469 manu,

137 490 245 526 clusa
276 486 370 525 mihi
401 494 506 525 texto
536 501 626 526 curn
656 486 821 537 prandia
849 486 995 525 vimine
1026 487 1166 534 mittas,

191 567 259 591 cur
287 552 473 591 comitata
501 554 623 603 dapes
653 554 760 591 nulla
787 554 929 603 lagona
957 552 1094 591 venit?

137 618 245 667 atqui
276 618 394 667 digna
423 625 491 656 tuo
521 617 552 656 si
582 618 744 657 nomine
774 632 936 656 munera
966 619 1093 664 ferres,
1453 636 1469 664 5

192 683 277 730 scis,
310 690 416 733 puto,
449 683 657 722 debuerint
686 697 787 734 quae
817 683 911 721 mihi
942 685 1048 722 dona
1077 683 1170 721 dari.

607 789 787 826 LXXIII

145 858 337 896 Dentibus
366 858 547 908 antiquas
577 858 713 897 solitus
743 859 959 909 producere
989 860 1110 908 pelles

193 932 230 961 et
261 925 439 962 mordere
469 925 550 961 luto
580 931 692 973 putre
721 931 912 973 vetusque
941 925 1079 970 solum,

143 988 393 1027 Praenestina
422 997 531 1026 tenes
561 988 737 1026 defuncti
766 1002 853 1026 rura
882 988 1045 1039 patroni,

193 1054 231 1091 in
262 1053 405 1103 quibus
435 1053 617 1103 indignor
646 1053 677 1091 si
707 1053 777 1091 tibi
807 1054 905 1091 cella
934 1053 1029 1100 fuit3

139 1118 286 1168 rumpis
316 1127 354 1157 et
383 1118 535 1157 ardenti
565 1118 748 1157 madidus
777 1119 956 1168 crystalla
986 1120 1151 1156 Falerno
1453 1136 1469 1163 5

193 1192 230 1222 et
260 1183 383 1234 pruris
413 1183 565 1222 domini
595 1197 685 1222 cum
716 1184 949 1233 Ganymede
979 1183 1045 1221 tui.

139 1258 177 1287 at
208 1263 270 1287 me
300 1249 487 1287 litterulas
517 1248 623 1287 stulti
651 1250 824 1287 docuere
853 1256 1056 1299 parentes:

194 1314 289 1364 quid
319 1328 409 1353 cum
439 1314 702 1364 grammaticis
733 1314 1033 1364 rhetoribusque
1064 1313 1191 1351 mihi?

143 1382 290 1429 Frange
320 1381 424 1418 leves
455 1381 627 1418 calamos
657 1387 694 1418 et
724 1379 871 1426 scinde,
904 1379 1056 1425 Thalia,
1087 1378 1251 1423 libellos,

194 1444 224 1482 si
254 1446 347 1482 dare
377 1444 497 1482 sutori
527 1446 681 1482 calceus
711 1444 783 1482 ista
812 1451 952 1494 potest.
1436 1460 1472 1480 10

613 1550 786 1586 LXXIV

143 1618 321 1668 Effigiem
352 1626 504 1656 tantum
535 1618 643 1668 pueri
673 1618 824 1668 pictura
854 1618 1023 1658 Camoni

195 1692 321 1722 servat
350 1692 387 1722 et
417 1683 574 1722 infantis
604 1697 721 1733 parva
750 1685 872 1734 figura
900 1691 1043 1721 manet.

142 1751 324 1787 florentes
354 1750 460 1787 nulla
489 1749 654 1799 signavit
683 1748 852 1798 imagine
881 1750 1020 1795 voltus,

196 1815 291 1852 dum
322 1813 433 1852 timet
462 1828 529 1852 ora
558 1813 644 1864 pius
675 1821 784 1852 muta
812 1813 944 1852 videre
974 1821 1091 1864 pater.

626 1919 776 1956 LXXV

145 1991 236 2026 Non
267 1988 374 2027 silice
404 1990 502 2027 duro
532 1988 743 2027 structilive
773 1996 991 2035 caemento,

144 2067 216 2092 nec
246 2055 364 2092 latere
393 2061 521 2101 coctoj
551 2067 630 2104 quo
660 2053 884 2092 Samiramis
914 2055 1070 2103 longam

190 2158 320 2188 LXXII
345 2169 418 2188 cum
438 2158 549 2188 LXXI
567 2157 659 2196 cortfl.
681 2158 728 2188 CA
829 2168 847 2197 5
872 2157 988 2197 atquin
1010 2158 1058 2189 CA
1324 2158 1471 2188 LXXIII

146 2202 219 2231 lmb.
244 2202 272 2231 T
357 2212 376 2231 2
402 2203 517 2232 morde
537 2202 585 2232 CA
682 2212 701 2240 3
727 2201 876 2232 defuncti
895 2212 972 2232 rura
989 2202 1122 2232 AACA:
1148 2202 1281 2241 decepti
1298 2212 1403 2241 regna
1423 2202 1474 2231 ΒΑ

146 2280 166 2307 6
191 2253 259 2317 gris
278 2279 346 2308 ³12st
367 2279 489 2317 pruris)
510 2279 558 2309 CA
575 2282 613 2308 ut
629 2278 691 2309 vicl.
713 2278 837 2317 <pruris
856 2278 931 2316 XV,
948 2279 1052 2318 pluris
1070 2279 1106 2316 E,
1127 2279 1219 2318 puris
1236 2278 1318 2317 AG)
1455 2279 1474 2306 8

147 2321 242 2361 mihi]
263 2322 346 2351 meis
366 2322 411 2352 CA
514 2333 552 2352 10
576 2328 646 2352 tare
664 2327 758 2352 sutor
776 2321 823 2352 CA
840 2325 877 2352 ut
894 2323 956 2353 vid.
1182 2322 1327 2351 LXXIV
1351 2321 1424 2351 hab.
1452 2320 1479 2349 T

152 2376 162 2394 Ι
191 2371 212 2395 t·
236 2376 288 2404 ΡΠ·
311 2365 444 2395 AAC‘A:
470 2375 522 2404 pu.
545 2371 565 2396 t.
586 2365 640 2394 BA
784 2376 803 2394 2
829 2376 947 2396 manus
963 2368 1016 2395 “ex
1033 2366 1157 2403 minus}
1183 2365 1353 2404 Tsctforl.
1375 2364 1449 2398 ΑΜ,
1468 2375 1473 2392 :

149 2414 259 2438 manet
278 2408 383 2437 HAG-*-
666 2408 795 2438 LXXV
823 2418 836 2438 1
864 2410 946 2439 dura
967 2411 991 2439 L
1127 2419 1145 2438 2
1170 2409 1365 2438 sameramis
1383 2406 1474 2437 codd.
