1684 2763
176 158 231 195 M.
264 157 386 195 VAL.
419 156 732 194 MARTIALIS

576 267 730 304 XLIII.
762 266 880 304 Idem.

175 346 296 383 Lecta
324 342 558 382 suburbanis
588 342 795 380 mittuntur
823 340 983 390 apyrina
1013 340 1129 378 ramis

227 417 264 448 et
292 421 433 448 vernae
462 408 632 445 tubures.
692 406 800 455 Quid
830 405 901 443 tibi
930 419 1020 443 curn
1052 404 1238 454 Libycis?

561 522 708 558 XLIV.
743 521 894 558 Sumen.

177 602 272 638 Esse
301 606 413 649 putes
443 598 621 636 nondum
652 609 790 633 sumen
806 610 815 642 3
853 595 908 633 sic
938 595 1057 632 ubere
1087 596 1192 643 largo

228 672 266 703 et
295 663 379 701 fluit
408 670 445 701 et
474 662 562 700 vivo
591 663 691 699 lacte
720 660 865 710 papilla
894 667 1031 698 tumet.

474 772 596 808 XLV.
628 772 745 807 Pulli
765 770 979 819 gallinacei.

176 848 215 886 Si
247 847 417 897 Libycae
447 846 561 885 nobis
591 847 767 884 volucres
798 853 835 883 et
866 845 1054 883 Phasides
1085 852 1226 890 essent,

228 912 438 961 acciperes,
466 919 505 949 at
534 924 639 948 nunc
669 910 804 959 accipe
834 910 978 948 chortis
1008 923 1111 949 aveS.

453 1021 599 1057 XLVI.
629 1021 783 1057 Persica
804 1021 1012 1068 praecocia.

178 1096 280 1135 Vilia
310 1096 493 1134 maternis
522 1097 718 1133 fueramus
749 1095 904 1134 Persica
932 1095 1074 1134 ramis:

232 1175 336 1199 nunc
366 1161 404 1198 in
434 1160 628 1210 adoptivis
659 1160 812 1199 Persica
841 1173 929 1198 cara
959 1173 1104 1198 sumus.

473 1273 644 1309 XLVII.
676 1271 805 1308 Panes
834 1270 1037 1308 Picentini.

181 1348 384 1386 Picentina
415 1349 534 1387 Ceres
565 1347 680 1385 niveo
710 1346 763 1384 sic
794 1353 950 1384 nectare
979 1345 1116 1383 crescit

235 1421 276 1451 ut
306 1413 400 1451 levis
432 1419 594 1462 accepta
625 1425 798 1461 spongea
828 1417 952 1460 turget
981 1424 1094 1460 aqua.

556 1522 750 1558 XLVIII.
784 1520 919 1557 Boleti.

185 1600 400 1647 Argentum
430 1605 548 1647 atque
576 1610 713 1634 aurum
744 1596 893 1634 facilest
924 1597 1156 1645 laenamque
1187 1602 1398 1645 togamque

239 1662 413 1709 1nittere3
452 1663 606 1700 boletos
637 1662 789 1700 mittere
819 1661 1024 1699 difficilest.

547 1777 694 1813 XLIX.
726 1776 933 1812 Ficedulae.

188 1853 291 1891 Cum
322 1864 385 1889 me
415 1851 512 1888 ficus
541 1852 631 1897 alat)
660 1864 750 1888 cum
781 1863 916 1900 pascar
945 1849 1126 1887 dulcibus
1156 1849 1250 1896 uvis,

241 1929 309 1954 cur
337 1915 466 1965 potius
497 1928 643 1953 nomen
673 1928 753 1952 non
783 1913 892 1952 dedit
921 1926 995 1951 uva
1024 1913 1148 1950 mihi?

234 2017 348 2049 XLIII
366 2017 438 2048 hab.
459 2017 490 2048 T
533 2028 545 2047 1
571 2017 673 2047 Lacte
691 2017 720 2047 T
782 2016 891 2055 pix-ina
907 2016 960 2045 ΒΑ
1029 2026 1047 2045 2
1072 2016 1177 2046 berne
1192 2014 1297 2054 (mae)
1313 2015 1447 2046 tuberes
1459 2015 1513 2045 ΒΑ

235 2062 346 2092 XLIV
363 2061 435 2091 hab.
461 2060 490 2090 T
554 2071 573 2089 2
599 2065 632 2090 et
656 2060 727 2090 ssuit
750 2065 782 2089 et
805 2059 884 2089 AA:
916 2059 1028 2089 effluet
1048 2060 1126 2098 (pro
1143 2059 1220 2094 -itu
1238 2063 1271 2089 et
1289 2059 1363 2089 BA:
1400 2059 1513 2089 effluet

193 2107 272 2143 (om.
288 2110 335 2136 etl
352 2104 399 2134 CA
467 2103 546 2133 uino
560 2102 661 2142 LQX
672 2103 808 2141 Epored.
984 2102 1079 2132 XLV
1102 2102 1174 2131 lmb.
1192 2102 1221 2131 T
1265 2113 1277 2132 1
1299 2101 1461 2141 phasidos
1480 2106 1515 2131 ut

194 2147 257 2178 vid.
272 2147 332 2177 ΑΑ
346 2152 414 2185 (sus
430 2147 494 2179 Tr:
511 2147 670 2185 phasides
683 2146 790 2176 ΒΑΕΑ
879 2155 897 2174 2
914 2146 1085 2184 acciperet
1100 2145 1149 2175 CA
1217 2150 1251 2174 tu
1263 2145 1321 2174 ΑΑ
1338 2155 1344 2174 z
1362 2149 1395 2175 at
1407 2144 1515 2175 BACA

236 2190 345 2220 XLVI
364 2189 436 2221 lmb.
461 2190 519 2220 TR
565 2199 765 2220 PRAEcocTA
789 2190 910 2227 (cocTA
927 2188 973 2227 R>
992 2189 1071 2218 AA:
1097 2197 1289 2218 PRAEcoch
1305 2188 1381 2218 BA:
1409 2197 1513 2218 PRAE-

193 2244 305 2270 COQVA
330 2233 377 2263 CA
532 2243 544 2263 1
571 2232 674 2273 Vilia]
693 2232 787 2262 Vella
804 2233 863 2261 ΑΛ
952 2232 1080 2270 persica
1096 2232 1232 2262 AABA:
1256 2241 1449 2272 praecoqua
1468 2231 1514 2262 CA

238 2277 363 2306 XLVII
382 2276 453 2306 hab.
478 2275 507 2305 T
592 2286 605 2306 1
632 2275 679 2306 sic
695 2286 759 2305 om.
782 2276 827 2305 CA
916 2275 1019 2305 cescit
1039 2275 1085 2306 CA

238 2319 383 2350 XLVIII
401 2320 476 2349 lmb.
494 2318 553 2349 TR
641 2328 660 2348 2
684 2319 714 2349 b.
733 2317 881 2358 mittere]¹
900 2319 929 2348 b.
951 2317 1031 2347 mihi
1056 2321 1092 2347 nt
1106 2317 1169 2349 vid.
1188 2317 1248 2346 ΛΑ
1267 2317 1310 2359 (b.
1333 2327 1408 2348 nam
1435 2317 1513 2347 mihi

203 2364 236 2398 T.
255 2363 284 2394 b.
305 2363 387 2393 haec
405 2362 464 2393 tibi
482 2362 529 2402 R)
548 2364 620 2401 (pro
635 2362 665 2392 b.
687 2366 742 2399 mi,
761 2363 779 2391 ι’.
794 2372 816 2392 e.
838 2362 866 2392 b.
885 2361 1033 2399 mittere)

240 2406 353 2437 XLIX
371 2406 443 2436 lzczl).
460 2406 493 2436 R
538 2415 707 2436 FlCEDVLA
724 2405 802 2434 AA:
828 2414 1018 2436 FICEDVLAE
1036 2403 1141 2434 BACA
