1684 2763
800 142 1266 180 EPIGRAMMA'I'ON
1301 142 1351 178 LI
1363 143 1402 179 Β.
1436 143 1499 179 ΙΙΙ

686 253 779 289 LXI

177 336 274 372 Esse
305 333 400 371 nihil
431 333 528 372 dicis
558 332 753 383 quidquid
784 332 894 383 petis,
927 332 1092 383 inprobe
1122 333 1274 372 Cinna:

229 399 259 437 si
291 398 354 445 nil,
388 398 528 445 Cinna,
560 398 669 449 petis),
704 398 756 436 nil
787 398 869 445 tibi,
903 398 1043 445 Chma,
1076 412 1187 447 nego.

672 509 790 546 LXII

176 590 364 629 Centenis
394 591 502 640 quod
532 589 630 628 emis
660 604 801 640 pueros
831 597 868 628 et
898 603 1015 640 saepe
1044 590 1220 636 ducenis,

229 656 338 705 quod
367 656 441 693 sub
471 669 559 705 rege
591 657 723 693 Numa
752 655 913 693 condita
942 655 1031 693 vina
1061 655 1173 701 bibis,

175 722 283 770 quod
313 728 466 758 constat
496 720 627 759 decies
658 720 728 758 tibi
758 734 839 758 non
869 720 1041 769 spatiosa
1070 722 1253 770 supellex,

230 785 327 823 libra
356 787 464 835 quod
494 785 641 835 argenti
674 785 779 823 milia
809 785 984 835 quinque
1015 785 1123 835 rapit,

174 864 291 889 aurea
320 852 428 900 quod
458 850 569 888 fundi
599 850 724 900 pretio
753 864 912 888 carruca
941 858 1106 900 paratur,
1485 867 1503 897 5

229 916 337 964 quod
368 915 487 965 pluris
518 916 623 952 mula
651 922 709 952 est
739 928 857 964 quam
887 916 1030 952 domus
1060 922 1192 964 empta
1222 914 1318 952 tibi:

178 982 273 1018 haec
303 979 437 1017 animo
466 979 592 1017 credis
624 992 767 1029 magno
798 987 846 1025 te,
880 979 1039 1027 Quinte,
1072 982 1236 1029 parare?

232 1044 396 1082 falleris:
437 1045 534 1082 haec
563 1043 730 1090 animm,
763 1044 924 1093 Quinte,
956 1044 1119 1094 pusillus
1150 1044 1254 1082 emit.

661 1150 802 1187 LXIII

176 1230 316 1277 Coffle,
348 1231 473 1269 bellus
503 1231 625 1269 homo
655 1244 719 1269 es:
759 1230 896 1269 dicunt
926 1231 1013 1277 hoc,
1045 1230 1185 1277 Cotile,
1219 1230 1341 1268 multi.

230 1295 372 1334 audio:
412 1297 482 1334 sed
512 1295 608 1345 quid
639 1295 698 1342 sit,
730 1295 794 1334 dic
826 1295 932 1343 mihi,
964 1296 1091 1334 bellus
1121 1296 1272 1334 homo?

181 1362 337 1399 ‘Bellus
367 1362 488 1399 homo
519 1368 588 1408 est,
620 1362 741 1399 flexos
771 1360 838 1410 qui
869 1360 1007 1410 digerit
1037 1360 1174 1399 ordine
1204 1360 1340 1405 crines,

232 1427 406 1464 balsama
434 1425 501 1475 qui
531 1439 696 1476 semper,
729 1425 912 1464 cinnama
941 1439 1095 1475 semper
1124 1427 1203 1464 olet
1219 1440 1227 1472 ,-

179 1491 330 1529 cantica
360 1491 427 1541 qui
458 1491 549 1537 Nili,
582 1491 649 1540 qui
680 1491 878 1529 Gaditana
907 1498 1092 1538 susurrat,
1485 1506 1502 1536 5

230 1556 297 1606 qui
327 1564 458 1594 movet
488 1555 527 1593 in
556 1556 682 1594 varios
712 1555 894 1594 bracchia
923 1557 1030 1593 volsa
1060 1557 1226 1602 modo-83

178 1621 277 1659 inter
306 1621 495 1660 femineas
526 1629 607 1660 tota
637 1621 704 1671 qui
734 1623 821 1660 luce
851 1622 1056 1659 cathedras

230 1685 383 1724 desidet
411 1694 530 1736 atque
558 1686 690 1736 aliqua
719 1699 873 1736 semper
901 1686 940 1723 in
970 1699 1062 1724 aure
1091 1693 1216 1731 sonat,

177 1751 243 1801 qui
273 1751 364 1801 legit
394 1751 486 1789 hine
515 1739 630 1789 illinc'
652 1751 789 1789 missas
819 1742 1040 1801 scribitque*
1062 1751 1253 1797 tabellas;

231 1816 347 1866 pallia
376 1816 492 1854 vicini
523 1816 590 1866 qui
619 1817 757 1866 refugit
787 1815 937 1864 cubiti3
1465 1831 1504 1852 10

177 1881 244 1930 qui
274 1881 345 1919 scit
375 1894 493 1931 quam
524 1881 611 1931 quis
639 1889 756 1928 amet,
788 1881 855 1931 qui
884 1894 952 1931 per
981 1880 1161 1919 convivia
1189 1879 1323 1925 currit?

233 1946 392 1996 Hirpini
421 1953 570 1984 veteres
599 1945 667 1996 qui
696 1946 798 1984 bene
828 1945 936 1984 novit
965 1947 1083 1984 avos!

180 2010 288 2059 Quid
318 2012 477 2049 narras?
515 2012 591 2049 hoe
621 2018 691 2058 est,
723 2012 799 2049 hoc
828 2019 887 2049 est
916 2012 1049 2057 homo,
1082 2010 1222 2057 Cotile,
1255 2010 1409 2048 bellus?

231 2089 290 2114 res
320 2075 531 2126 pertricosa
565 2083 633 2122 est,
666 2076 806 2123 Cotile‚
838 2076 963 2114 bellus
993 2076 1126 2114 homo.

222 2180 299 2210 LXI
323 2179 396 2211 lzab.
417 2179 450 2209 R

222 2223 318 2253 LXII
343 2224 416 2254 hab.
440 2223 469 2253 T
618 2233 638 2262 3
662 2223 736 2253 deci
754 2223 825 2262 (sic)
844 2222 899 2252 ΒΑ
1056 2232 1073 2261 7
1100 2232 1222 2261 magno
1242 2223 1353 2253 eredis
1372 2221 1506 2252 AACA:

177 2267 287 2297 credis
303 2277 425 2306 magno
440 2266 495 2296 ΒΑ

223 2310 335 2340 LXIII
360 2321 409 2340 vv.
437 2320 496 2348 1-4
512 2309 586 2340 lmb.
604 2309 638 2339 R
748 2319 767 2338 2
793 2309 846 2340 dic
865 2320 905 2340 m.
926 2308 1026 2339 cotile
1044 2309 1074 2340 b.
1095 2309 1128 2339 h.
1147 2308 1200 2338 BA
1305 2318 1324 2346 5
1348 2308 1405 2347 qui
1423 2313 1455 2338 et
1473 2318 1504 2346 g.

179 2353 232 2382 ΒΑ
346 2354 496 2392 gaditani
519 2353 566 2383 CA
697 2353 718 2382 6
742 2353 864 2383 choros
881 2352 952 2382 EA:
978 2353 1094 2383 modos
1113 2352 1159 2383 CA
1291 2362 1312 2391 9
1337 2353 1440 2382 missa
1459 2351 1504 2381 (Ἀ

183 2405 219 2434 13
245 2395 307 2426 hoc
325 2401 375 2426 est
391 2397 490 2427 semel
500 2397 547 2427 CA
635 2401 699 2427 cot.
721 2396 753 2427 h.
775 2396 805 2427 b.
828 2396 876 2426 CA
