1684 2763
191 163 246 199 M.
280 162 400 199 VAL.
434 161 745 198 MARTIALIS

296 275 372 311 hoc
401 274 474 312 sub
504 287 696 311 marmore
726 272 908 311 Glaucias
938 273 1121 311 humatus

297 338 431 376 iuncto
461 337 676 376 Flaminiae
705 338 804 376 iacet
834 339 1064 387 sepulchro:
1498 353 1515 383 5

297 410 425 441 castus
455 402 640 449 moribus,
671 402 819 452 integer
847 403 1008 452 pudore,

298 469 409 506 velox
439 467 606 517 ingenio,
637 468 780 505 decore
808 467 908 505 felix.

299 532 357 569 bis
388 532 490 570 senis
520 533 640 570 modo
672 532 863 570 messibus
893 531 1057 580 peractis

298 597 360 634 vix
389 610 511 635 unum
542 610 637 646 puer
664 596 888 645 adplicabat
917 609 1076 633 annum.

300 661 379 708 Qui
410 662 477 698 fles
507 660 608 707 talia,
640 660 693 697 nil
723 661 826 706 fleas,
858 659 990 697 viator.
1482 675 1520 696 10

675 754 814 790 XXIX

196 826 286 861 Non
317 824 366 861 de
396 824 511 872 plebe
541 823 683 861 domus
714 836 786 861 nec
815 835 952 860 avarae
982 835 1099 860 verna
1128 829 1308 864 catastae.

247 889 316 926 sed
346 887 498 926 domini
527 895 665 925 sancto
695 887 835 936 dignus
865 900 998 924 amore
1027 899 1133 935 puer,

196 966 357 991 munera
386 966 475 990 cum
506 960 639 1002 posset
669 953 848 990 nondum
879 951 1022 989 sentire
1052 951 1214 1001 patroni,

249 1017 413 1056 Glaucia
443 1018 603 1055 libertus
634 1016 710 1054 iam
743 1016 918 1054 Melioris
947 1024 1037 1054 erat.

197 1083 369 1121 moribus
399 1084 475 1120 hoc
505 1084 732 1131 formaeque
761 1083 925 1120 datum:
965 1081 1051 1131 quis
1081 1081 1262 1119 blandior
1292 1080 1387 1118 illo?
1506 1096 1522 1127 5

249 1155 315 1185 aut
345 1147 431 1196 quis
462 1147 672 1197 Apollineo
703 1146 899 1196 pulchrior
928 1160 994 1184 ore
1023 1146 1124 1183 fuit?

200 1212 414 1250 Inmodicis
446 1211 571 1249 brevis
601 1219 659 1249 est
688 1219 793 1249 aetas
823 1219 861 1249 et
890 1224 972 1248 rara
1001 1218 1192 1248 senectus,

251 1276 443 1327 quidquid
473 1290 592 1323 amas,
624 1276 759 1326 cupias
790 1289 868 1313 non
899 1275 1090 1325 placuisse
1121 1275 1245 1312 nimis.

696 1375 811 1411 XXX

307 1455 381 1489 Sex
412 1450 587 1488 sestertia
617 1450 647 1488 si
677 1450 807 1488 statim
837 1449 1025 1495 dedisses,

307 1529 397 1553 cum
427 1514 522 1553 dixti
554 1514 649 1552 mihi
683 1516 834 1560 ‘Sume‚
868 1516 972 1560 tolle,
1003 1515 1136 1559 dono,'

307 1580 492 1618 deberem
523 1579 604 1626 tibi,
639 1581 766 1625 Paete,
799 1592 868 1629 pro
898 1579 1089 1617 ducentis.

307 1652 346 1682 at
376 1658 481 1682 nunc
511 1658 601 1682 cum
633 1644 788 1682 dederis
818 1644 884 1682 diu
916 1652 1102 1691 moratus,

309 1718 397 1759 post
427 1717 587 1758 septem,
621 1717 728 1758 puto,
760 1710 820 1747 vel
851 1722 992 1747 novem
1026 1710 1237 1750 Kalendas,
1513 1724 1529 1754 5

310 1774 365 1811 vis
395 1773 523 1811 dicam
555 1773 624 1811 tibi
654 1773 802 1811 veriora
830 1773 961 1811 veris?

311 1840 384 1877 Sex
414 1837 600 1883 sestertia,
634 1839 763 1883 Paete,
796 1837 1013 1887 perdidisti.

207 2004 387 2047 onrem,
421 2000 669 2046 Charideme‚
703 2008 808 2038 tuam
839 1999 914 2038 scis
945 1999 1026 2049 ipse
1056 1999 1228 2049 sinisque

257 2081 279 2105 a
311 2065 465 2104 medico
495 2065 619 2103 futui:
658 2065 714 2102 vis
744 2065 827 2103 sine
857 2065 963 2102 febre
995 2064 1101 2103 mori.

250 2168 401 2199 XXVIII
427 2178 445 2207 5
471 2168 624 2198 flaminea
641 2168 694 2197 BA
784 2169 804 2198 6
828 2168 993 2198 innocens
1010 2167 1087 2198 BA:
1112 2167 1245 2206 integer
1262 2167 1310 2197 CA
1399 2168 1420 2197 8
1444 2177 1533 2198 men-

208 2213 299 2243 sibus
317 2212 369 2241 BA
567 2211 687 2241 XXIX
706 2215 781 2250 post
796 2211 897 2241 XXX
915 2211 1037 2241 exhibet
1051 2211 1103 2241 ΒΑ
1211 2220 1223 2240 ῐ
1250 2212 1367 2241 domos
1385 2210 1416 2240 E
1515 2213 1534 2241 8

207 2266 299 2286 ames
316 2256 368 2285 ΒΑ
385 2267 391 2285 :
416 2265 507 2285 amas
525 2254 572 2285 CA
678 2255 794 2295 nimis]
814 2255 892 2284 mihi
911 2255 959 2284 CA
1214 2254 1316 2284 XXX
1341 2265 1360 2284 2
1385 2255 1468 2285 dixit
1487 2254 1533 2284 (Ἀ

209 2300 288 2329 [ulle
306 2299 354 2329 CA
463 2309 482 2337 3
505 2298 568 2328 sibi
587 2298 635 2328 CA
739 2309 757 2335 4
783 2303 921 2337 rogatus
939 2298 989 2327 ΒΑ
1007 2309 1014 2328 ;
1039 2302 1186 2328 moratus
1204 2297 1251 2327 CA
1363 2307 1382 2336 5
1409 2303 1488 2336 puta
1508 2297 1534 2326 L

254 2342 372 2372 XXXI
398 2341 470 2372 hab,
496 2342 525 2372 T
611 2352 624 2372 1
652 2342 813 2381 senisque
831 2342 879 2372 CA
899 2343 980 2382 <non
997 2341 1046 2381 A>
1067 2341 1129 2382 (zze.
1149 2342 1205 2379 εἰς]
1311 2350 1331 2370 2
1354 2341 1463 2379 subigi
1482 2341 1534 2371 ΛΑ

209 2387 287 2425 (pro
303 2386 399 2425 futui)
864 2397 867 2400 ⁴
