1684 2763
187 150 242 186 M.
275 149 395 186 VAL.
428 118 742 187 MARTIALIS

185 261 355 298 clamant
385 273 477 299 eece
507 260 585 299 mei
617 262 685 299 ‘Io
715 260 952 299 Saturnalia'
981 273 1140 299 versus:
1492 276 1509 307 5

239 332 277 362 et
306 325 396 363 licet
425 332 462 364 et
491 326 564 363 sub
595 332 632 363 te
661 325 849 375 praeside,
883 327 1022 372 Nerva,
1055 324 1160 363 libet.

186 390 371 428 Lectores
401 389 525 428 tetrici
554 390 797 428 salebrosum
827 389 989 428 ediscite
1019 391 1222 428 Santram:

239 453 292 491 nil
323 454 418 492 mihi
447 454 652 494 vobiscum
683 463 766 494 est:
806 454 878 493 iste
907 454 1005 493 liber
1034 467 1144 493 meus
1174 462 1241 493 est.

712 549 778 585 ΙΙΙ

186 619 278 655 Νο11
310 618 458 655 urbana
487 630 574 655 mea
604 624 755 654 tantum
787 616 1008 666 Pimpleide
1036 617 1209 666 gaudent

238 682 317 720 otia
346 695 420 720 nec
448 681 580 719 vacuis
609 681 767 719 auribus
797 680 871 719 ista
900 682 1050 727 damus,

184 748 253 785 sed
284 759 394 784 meus
424 746 463 783 in
494 745 641 784 Geticis
670 747 721 784 ad
752 745 895 783 Martia
923 745 1032 794 signa
1062 744 1208 795 pruinis

237 825 259 849 a
288 810 412 860 rigido
442 810 575 849 teritur
604 810 834 849 centurione
862 809 971 857 liber,

184 875 325 913 dicitur
354 882 392 913 et
421 883 575 913 nostros
604 882 760 913 cantare
791 874 993 912 Britannia
1021 887 1165 912 versus.
1494 890 1510 920 5

239 940 347 988 Quid
377 941 565 989 prodest?
621 939 746 978 nescit
775 941 954 978 sacculus
984 939 1057 977 ista
1087 952 1209 977 meus.

185 1007 237 1042 At
267 1018 385 1054 quam
414 1004 582 1042 victuras
612 1012 836 1054 poteramus
866 1017 1035 1054 pangere
1065 1005 1217 1042 chartas

238 1077 464 1118 quantaque
495 1068 620 1107 Pieria
649 1068 796 1118 proelia
824 1070 916 1107 flare
946 1069 1050 1115 tuba,

185 1147 274 1172 cum
305 1134 368 1183 pia
397 1133 639 1171 reddiderint
668 1136 890 1182 Augustum
920 1132 1084 1170 numina
1112 1132 1230 1179 terris,

238 1206 275 1237 et
307 1200 579 1236 Maecenatem
610 1197 641 1235 si
671 1197 751 1244 tibi,
786 1199 924 1244 Roma,
957 1198 1120 1235 darent!
1475 1213 1512 1233 10

713 1292 771 1328 IV

185 1365 301 1400 Sacra
330 1363 507 1411 laresque
537 1362 744 1410 Phrygum,
777 1373 875 1410 quos
905 1359 1046 1397 Troiae
1077 1359 1212 1397 maluit
1241 1360 1351 1397 heres

239 1439 357 1475 quam
388 1439 521 1475 rapere
549 1438 699 1463 arsuras
730 1424 1013 1463 Laomedontis
1043 1437 1148 1473 opeS‚

186 1490 350 1540 scriptus
381 1498 419 1529 et
446 1498 606 1528 aeterno
636 1503 742 1527 nunc
771 1489 941 1539 primum
973 1488 1148 1539 Iuppiter
1177 1501 1271 1526 auro

239 1563 277 1593 et
306 1568 414 1593 soror
443 1562 480 1593 et
510 1554 654 1592 summi
683 1553 762 1592 filia
791 1561 871 1591 tota
901 1552 1028 1603 patris,

186 1628 223 1658 ct
254 1619 320 1669 qui
351 1619 553 1669 purpureis
583 1619 660 1656 iarn
691 1618 802 1657 tertia
831 1618 993 1656 nomina
1022 1617 1140 1664 fastis,
1496 1634 1512 1664 5

243 1686 348 1731 Iane,
381 1685 496 1722 refers
528 1685 705 1730 Nervae3
742 1696 811 1721 vos
841 1696 977 1732 precor
1006 1695 1072 1720 ore
1102 1681 1190 1731 pio:

189 1752 292 1787 hunc
323 1762 460 1786 omnes
490 1756 640 1786 servate
669 1749 823 1794 ducem,
856 1755 1005 1785 servate
1039 1754 1244 1792 senatu1n3

243 1812 416 1851 moribus
446 1812 509 1850 hie
539 1812 640 1850 vivat
670 1811 866 1862 principis,
898 1811 962 1850 ille
992 1810 1081 1848 suis.

190 1984 317 2019 Tanta
347 1980 416 2018 tibi
446 1987 504 2017 est
533 1979 626 2016 recti
656 1978 880 2024 reverentia,
914 1979 1068 2023 Caesar,
1101 1985 1139 2015 et
1168 1978 1283 2026 acqui

243 2052 390 2096 quanta
420 2045 575 2082 Numae
604 2044 753 2081 fuerat:
791 2044 861 2081 sed
891 2043 1024 2080 Numa
1052 2055 1199 2091 pauper
1228 2049 1318 2079 erat.

236 2147 266 2178 ΙΙ
292 2157 311 2186 5
336 2147 436 2178 metio
455 2146 505 2177 CA
522 2145 632 2186 (Tpro
649 2144 677 2185 Ι)
831 2146 852 2175 6
875 2144 975 2175 libet.
990 2168 997 2175 .
1009 2167 1017 2175 .
1036 2144 1113 2174 licet
1129 2144 1202 2174 Ital.
1360 2145 1422 2182 7-8
1440 2154 1512 2174 nov.

191 2191 287 2231 epigr.
306 2191 361 2220 ΒΑ
466 2199 482 2228 7
509 2189 630 2219 tetricu
647 2187 735 2228 (—cii)
756 2187 805 2218 CA
893 2187 1014 2218 edicite
1030 2192 1179 2217 santi-um
1196 2186 1251 2217 ΒΑ
1420 2187 1471 2217 111
1499 2197 1512 2216 1

192 2235 320 2273 pieride
337 2233 392 2263 BA
408 2245 414 2263 z
438 2233 571 2272 pipeide
592 2232 640 2262 CA
656 2243 663 2261 ι
687 2241 762 2261 corr.
779 2231 851 2261 Ital.
964 2240 984 2269 3
1007 2231 1136 2268 genicis
1151 2229 1200 2260 CA
1330 2231 1351 2260 6
1374 2231 1436 2260 iste
1451 2228 1516 2268 LQ

193 2288 209 2316 7
228 2283 368 2316 tangere
386 2276 435 2307 CA
566 2276 586 2305 8
610 2279 812 2314 quamtaque
831 2273 880 2304 CA
1013 2283 1050 2303 10
1075 2274 1195 2303 darent
1212 2273 1391 2303 Heinsius:
1420 2273 1514 2303 daret

192 2320 280 2351 codd.
512 2319 558 2348 IV
585 2329 597 2348 1
625 2318 708 2349 troia
724 2317 772 2348 CA
903 2326 922 2345 2
946 2316 1169 2346 laumedontis
1188 2316 1236 2346 CA
1366 2326 1386 2355 3
1411 2315 1459 2356 et]
1479 2326 1514 2345 es

192 2364 245 2394 ΒΑ
377 2374 397 2401 4
422 2366 500 2393 nota
513 2362 568 2392 BA
686 2362 707 2392 6
730 2361 836 2391 refers
855 2358 952 2400 (Vex
967 2370 1045 2390 corr.
1062 2359 1118 2400 X>
1137 2360 1186 2390 vel
1201 2359 1328 2390 referas
1347 2358 1445 2399 (EA)
1466 2358 1514 2389 CA

193 2416 250 2480 pici)
266 2439 314 2471 CA
332 2443 367 2469 ul
382 2438 444 2470 vid.
466 2438 553 2479 <pica
570 2437 649 2479 EA)
783 2437 813 2467 V
840 2446 853 2466 1
881 2436 1005 2467 esttibi
1025 2436 1119 2477 (EA)
1139 2436 1187 2467 vel
1201 2436 1260 2466 tibi
1278 2440 1329 2467 est
1348 2434 1413 2476 (X)
1435 2434 1484 2465 CA
