1684 2763
724 159 1190 197 EPIGRAMMATON
1224 160 1275 197 LI
1284 161 1325 196 Β.
1359 159 1462 196 VIII

137 270 283 307 defluat
312 276 350 306 ct
379 270 486 306 lento
516 268 765 318 splendescat
795 268 952 306 turbida
981 268 1062 306 lino

188 335 379 383 amphora
407 341 577 372 centeno
606 334 769 371 consule
799 334 900 371 facta
930 332 1067 370 minor.

137 398 350 448 Continget
380 412 457 436 nox
487 399 648 447 quando
679 397 775 435 meis
806 405 885 435 tam
916 397 1087 435 candida
1117 397 1294 436 mensis?
1447 415 1463 445 ς,

189 471 269 501 tam
299 463 402 501 iusto
432 463 588 501 dabitur
617 464 779 512 quando
809 464 934 501 calere
964 464 1106 501 mero?

137 529 238 567 Cum
270 535 319 574 te,
352 529 502 574 Flacce,
534 527 630 565 mihi
660 529 798 566 reddet
829 528 1037 577 Cythereia
1067 528 1229 577 Cypros,

189 592 362 631 luxuriae
391 594 457 631 fiet
487 600 566 630 tam
596 593 702 631 bona
731 606 849 630 causa
879 606 1000 631 meae.

621 681 755 717 XLVI

136 752 297 799 Quanta
326 757 391 788 tua
421 757 478 788 est
508 750 681 799 probitas
711 757 819 788 tanta
848 758 905 788 est
935 750 1098 788 infantia
1127 751 1285 795 formae,

190 816 308 854 Ceste
336 829 444 864 puer,
475 829 597 865 puero
627 815 768 853 castior
799 815 1029 865 Hippolyto.

136 888 173 919 te
202 893 336 918 secum
369 880 499 918 Diana
526 880 618 918 velit
647 881 868 929 doceatque
898 888 1041 927 natare,

189 952 227 982 te
257 945 406 993 Cybele
435 951 562 982 totum
593 946 725 982 mallet
755 945 899 982 habere
931 946 1105 994 Phrygag

136 1016 176 1047 tu
207 1010 467 1058 Ganymedeo
496 1016 650 1059 poteras
680 1011 892 1048 succedere
921 1011 1035 1056 lecto,
1447 1024 1463 1054 5

189 1076 259 1113 sed
288 1076 408 1112 durus
438 1074 602 1113 domino
632 1074 741 1112 basia
769 1077 852 1113 sola
880 1077 1003 1113 dares.

138 1139 254 1185 Felix,
286 1152 387 1189 quae
417 1146 595 1177 tenerum
625 1139 781 1178 vexabit
810 1153 955 1189 sponsa
985 1139 1166 1177 maritum

189 1211 227 1242 et
256 1217 357 1254 quae
387 1211 425 1242 te
454 1203 569 1242 faciet
598 1204 723 1254 prima
751 1207 882 1254 puella
910 1205 1059 1243 virum!

610 1293 769 1330 XLVII

138 1364 229 1400 Pars
259 1361 501 1399 maxillarum
532 1369 646 1400 tonsa
675 1370 733 1401 est
762 1362 843 1409 tibi,
875 1376 962 1412 pars
992 1361 1063 1400 tibi
1092 1375 1177 1400 rasa
1206 1369 1275 1406 est,

189 1440 276 1476 pars
305 1429 414 1465 vulsa
443 1435 511 1465 est.
570 1429 704 1465 Vnum
734 1428 822 1478 quis
850 1435 962 1478 putat
990 1441 1075 1466 esse
1104 1428 1253 1477 caput?

599 1516 781 1553 XLVIII

137 1584 274 1622 Nescit
303 1584 366 1623 cui
395 1584 548 1623 dederit
576 1585 734 1634 Tyriam
766 1585 970 1635 Crispinus
998 1586 1182 1630 abollam,

189 1651 285 1688 dum
315 1658 440 1687 mutat
468 1651 595 1688 cultus
623 1650 879 1700 induiturque
906 1657 1049 1700 togam.

137 1714 313 1764 quisquis
343 1715 476 1761 habes,
508 1715 652 1753 umeris
682 1729 751 1753 sua
781 1729 944 1753 munera
973 1716 1105 1761 redde,
1136 1727 1362 1764 precamur:

190 1793 271 1818 non
301 1780 378 1817 hoc
408 1779 613 1829 Crispinus
643 1787 681 1818 te
711 1781 781 1818 sed
809 1780 940 1818 abolla
968 1787 1088 1829 rogat.

138 1857 218 1882 non
248 1843 489 1894 quicumque
518 1844 622 1895 capit
651 1852 840 1883 saturatas
870 1844 1017 1883 murice
1045 1851 1172 1882 vestes

191 1922 264 1947 nec
293 1908 367 1946 nisi
395 1909 545 1947 deliciis
573 1909 758 1948 convenit
786 1909 858 1948 iste
886 1911 1005 1948 color.

182 2011 276 2041 XLV
299 2021 318 2050 3
342 2011 420 2042 limo
436 2011 525 2042 codd.
542 2015 580 2042 ut
595 2012 656 2043 vid.
674 2012 822 2052 <sedlino
834 2011 914 2043 XGi
1005 2021 1024 2051 5
1049 2012 1212 2050 contingit
1228 2011 1276 2041 CA
1293 2013 1369 2051 (pro
1383 2015 1461 2042 -etw

140 2064 155 2092 7
180 2054 331 2094 cytheria
348 2055 423 2084 BA:
447 2056 608 2094 cytherea
626 2055 674 2085 CA
733 2057 753 2086 8
771 2061 839 2086 turn
856 2055 1016 2086 Hez'nsz'ns
1102 2056 1211 2085 XLVI
1238 2066 1285 2085 vv.
1311 2066 1381 2094 1—4‚
1402 2056 1464 2092 7-8

138 2098 209 2128 hab.
229 2098 263 2127 R
346 2108 359 2128 1
378 2103 435 2128 tua
451 2099 520 2140 est]
540 2104 618 2129 tuae
633 2099 688 2128 ΒΑ
707 2099 785 2139 (pro
802 2104 890 2139 tuae,
912 2100 929 2130 i.
940 2110 962 2130 e.
984 2104 1042 2130 tua
1055 2101 1120 2129 esti
1136 2110 1142 2129 t
1167 2104 1223 2129 tua
1241 2098 1290 2128 CA
1372 2103 1463 2129 tanta

139 2141 218 2171 AA:
252 2146 376 2180 quanta
398 2141 506 2172 BACA
573 2143 783 2181 praestantia
807 2153 834 2173 v.
861 2143 880 2173 I.
907 2144 939 2172 in
966 2143 1029 2181 ΡΩ
1053 2144 1096 2181 (et
1108 2142 1190 2181 fort.
1217 2143 1250 2172 in
1273 2141 1342 2181 BA)
1444 2152 1463 2170 2

139 2184 246 2214 Cerce
264 2183 296 2213 R
363 2195 447 2223 puro
470 2184 628 2215 Heinsius
759 2197 779 2224 4
804 2186 940 2224 Phryge
958 2186 1130 2216 Brodacns
1271 2195 1290 2223 5
1315 2190 1346 2215 te
1366 2185 1411 2216 CA
1431 2189 1466 2214 td

139 2227 200 2257 vid.
315 2229 336 2256 6
359 2238 496 2258 securus
515 2228 563 2258 CA
677 2239 692 2267 7
718 2230 857 2259 uexauit
876 2229 986 2259 AACA
1008 2230 1067 2268 tim.
1093 2230 1155 2259 -bit
1165 2229 1190 2268 2)
1273 2234 1415 2267 spontae
1434 2228 1465 2257 R

141 2270 269 2300 XLVII
295 2270 366 2302 hab.
392 2271 425 2300 R
538 2282 550 2301 1
578 2282 652 2302 rasa
677 2277 728 2302 est
750 2272 886 2303 AACA:
925 2283 998 2303 rasa
1022 2273 1100 2303 BA:
1129 2273 1210 2312 sort.
1236 2277 1343 2302 rasast
1446 2282 1465 2300 2

139 2324 171 2352 p.
193 2314 288 2343 uulsa
306 2318 358 2343 est
372 2314 488 2344 ΑΑΒᾸ
504 2327 511 2345 z
535 2326 566 2354 p.
588 2316 647 2345 tibi
664 2316 759 2345 uulsa
777 2315 824 2345 CA
915 2321 1010 2355 putat
1024 2316 1137 2346 ΑΑΕᾸ
1152 2327 1159 2346 :
1183 2320 1279 2354 putet
1294 2315 1349 2344 ΒΑ

183 2357 329 2386 XLVIII
358 2367 371 2386 1
400 2357 517 2388 Nescis
536 2358 591 2387 BA
702 2368 721 2398 5
745 2359 832 2398 sapit
849 2358 878 2388 L
968 2364 1136 2389 seurtatas
1154 2357 1222 2399 (Ps,
1241 2358 1401 2388 scitantas
1420 2357 1462 2395 Q)

140 2400 189 2430 vel
202 2404 371 2430 saturatas
391 2401 452 2441 (-ta
470 2400 515 2441 L)
534 2401 589 2431 BA

185 2464 290 2485 MART.
310 2465 360 2485 ΕΡ.
1340 2456 1378 2485 15
