1684 2715
168 107 222 144 M.
255 105 376 144 VAL.
411 105 726 143 MARTIALIS

168 215 346 255 Caesaris
375 223 494 265 atque
525 215 630 254 Iovis
660 215 796 253 confer
825 226 942 260 nunc,
974 213 1088 260 fama,
1120 212 1331 252 iuvencos:
1367 199 1373 204 ¹

222 296 289 333 par
318 295 418 321 onus
448 289 489 320 ut
519 280 688 327 tulerint,
720 279 834 318 altius
864 279 936 318 iste
966 279 1065 317 tulit.

711 380 834 417 XVII

170 459 290 507 Quod
322 457 408 508 pius
438 465 475 496 et
505 458 669 507 supplex
699 457 858 506 elephas
888 463 937 502 te,
971 456 1126 500 Caesar,
1157 454 1294 492 adorat

224 523 287 562 hic
318 525 439 562 modo
469 523 535 573 qui
566 530 678 560 tauro
708 529 786 559 tam
818 521 1057 559 metuendus
1087 527 1179 566 erat,

171 602 250 627 non
281 588 372 626 facit
403 589 478 626 lioc
508 588 647 634 iussus,
679 588 869 636 nulloque
899 586 1068 624 docente
1100 584 1294 635 magistw,

224 655 340 692 crede
370 653 477 697 mihi,
510 660 686 691 nostrum
718 650 835 689 sentit
865 658 903 689 et
933 649 996 688 ille
1026 651 1157 688 deum.

709 751 855 788 XVIII

174 831 366 869 Lambere
396 829 520 867 securi
551 830 725 867 dextram
756 834 946 866 consueta
976 825 1146 876 magistri

226 895 342 946 tigris,
373 896 424 933 ab
456 896 644 944 Hyrcano
674 892 795 942 gloria
824 905 907 930 rara
937 891 1038 941 iugo,

172 975 287 1000 saeva
316 963 439 999 serum
470 959 608 997 rabido
639 957 820 996 laceravit
849 958 968 995 dente
998 958 1178 995 leonem:

227 1040 286 1065 res
316 1040 428 1072 nova,
460 1038 540 1063 non
571 1023 658 1062 ullis
689 1022 845 1073 cognita
875 1021 1129 1072 temporibus.

173 1106 267 1131 ausa
297 1099 354 1130 est
385 1092 460 1129 tale
492 1089 599 1135 nihil,
632 1088 737 1127 silvis
767 1089 861 1126 dum
893 1087 985 1125 vixit
1016 1086 1053 1124 in
1084 1086 1194 1124 altis:
1488 1102 1504 1132 5

229 1165 438 1207 postquam
471 1155 569 1193 inter
599 1168 671 1192 nos
701 1161 770 1200 est⁷
803 1152 890 1203 plus
920 1151 1081 1190 feritatis
1112 1152 1241 1189 habet.

176 1332 254 1381 Qui
287 1332 408 1370 modo
439 1344 506 1381 per
536 1338 657 1368 totam
690 1328 857 1367 fiammis
888 1327 1109 1365 stimulatus
1139 1327 1324 1364 harenam

229 1399 436 1435 sustulerat
466 1403 593 1446 raptas
624 1403 756 1432 taurus
786 1394 825 1431 in
855 1400 956 1431 astra
986 1392 1095 1442 pilas,

177 1462 363 1501 occubuit
394 1462 553 1500 tandem
585 1467 752 1498 cornuto
782 1459 951 1498 †a(lore†
982 1457 1137 1508 petitus,

230 1529 324 1566 (lum
357 1526 509 1565 facilem
543 1525 623 1563 tolli
655 1525 710 1563 sic
741 1525 950 1574 elephanta
980 1531 1100 1573 putat.

731 1626 806 1661 XX

180 1706 281 1742 (Tum
313 1709 460 1753 peteret
491 1715 577 1751 pars
607 1702 704 1738 haec
736 1699 947 1749 Myrinum,
981 1712 1067 1748 pars
1098 1698 1161 1735 illa
1191 1697 1466 1746 'l'riumplium,

233 1767 409 1819 promisit
440 1766 582 1816 pariter
612 1767 757 1804 Cacsar
787 1772 950 1813 utraque
982 1776 1111 1801 manu.

181 1848 258 1873 non
290 1832 417 1883 potuit
447 1831 585 1870 melius
616 1831 722 1868 litem
755 1829 864 1867 finire
894 1829 1079 1867 iocosam.

234 1901 270 1938 O
300 1900 416 1938 dulce
446 1897 580 1935 invicti
611 1895 798 1946 principis
830 1894 1056 1945 ingenium!

226 2003 303 2034 XVI
319 2004 339 2033 b
371 2002 442 2033 hal).
465 2002 498 2033 T.
572 2002 658 2031 Cum
678 2001 756 2031 XVI
776 2000 869 2039 confl.
888 1999 1067 2037 Ital.‚fo›’t.
1087 2001 1160 2028 rcclc
1299 2006 1319 2034 3
1344 1995 1460 2027 confer
1478 2006 1506 2026 n.

182 2049 268 2079 fama
286 2047 463 2076 Heinsius:
488 2046 641 2076 conferre
663 2055 692 2076 n.
712 2048 820 2074 stama
837 2043 919 2073 AA:
942 2042 1074 2073 confert
1093 2052 1122 2073 n.
1142 2046 1273 2080 stegma
1292 2040 1356 2079 (vel
1369 2044 1510 2069 stemma

182 2091 230 2122 vel
243 2091 393 2125 schema)
411 2090 482 2120 Ital.

226 2133 323 2164 XVII
363 2133 435 2163 lmb.
457 2133 487 2163 T
570 2142 589 2171 3
611 2135 684 2172 pos!
701 2132 810 2161 iussus
826 2129 963 2160 dis-tinxi
1202 2125 1317 2157 XVIII
1335 2125 1407 2156 hal).
1430 2125 1459 2155 T

228 2177 313 2207 XIX
335 2177 406 2207 lmb.
427 2175 467 2205 II
683 2185 703 2213 3
727 2186 753 2205 c.
773 2175 893 2205 ardore
910 2173 983 2203 Ital.
1006 2172 1037 2211 (i.
1052 2183 1073 2202 c.
1099 2171 1258 2201 ‘flammis
1274 2171 1316 2200 de
1333 2169 1509 2200 eornibus'

184 2220 367 2259 Buecheler)
385 2232 391 2250 ς
407 2230 510 2250 cornu
530 2219 653 2249 maiore
670 2218 786 2248 Gilbert
801 2230 806 2249 :
832 2222 974 2248 cornuto
987 2221 1021 2246 ut
1036 2216 1077 2246 ab
1094 2225 1152 2245 ore
1167 2212 1395 2244 Fnzvdlaendcr
1406 2224 1413 2243 ε
1426 2213 1507 2251 fort.

181 2274 284 2295 cornu
303 2264 449 2293 truciore

228 2307 295 2338 XX
319 2307 390 2338 hab.
411 2306 451 2335 II
573 2315 591 2335 2
617 2305 768 2344 promisit
784 2304 857 2334 Ital.
875 2315 881 2334 :
906 2302 1074 2343 promisce
1091 2300 1149 2331 ΑΛ
1167 2312 1173 2331 :
1199 2298 1351 2340 promisti
1367 2299 1419 2330 vir
1431 2298 1509 2329 dors.

183 2357 232 2392 ap.
256 2350 460 2381 Lemairimn
