1684 2763
763 144 1232 183 EPIGRAMMATON
1265 146 1368 183 LIB.
1403 147 1461 182 IV

130 268 220 305 ergo
249 255 411 305 aliquod
440 261 591 305 gratum
624 253 751 292 Musis
781 254 851 292 tibi
881 268 1027 293 nomen
1057 256 1226 305 adopta:

185 334 264 358 non
295 334 449 371 semper
479 321 580 359 belle
610 319 752 358 dicitur
784 319 1093 370 ‘Hippodame’
1427 338 1460 358 10

605 409 767 445 XXXII

133 480 181 517 Et
211 480 304 516 latet
333 486 370 516 et
400 480 503 516 lucet
533 478 825 517 Phaethontide
854 478 1015 517 condita
1043 486 1161 528 gutta,

183 552 225 582 ut
255 543 432 582 videatur
459 543 542 593 apis
572 550 728 582 nectare
756 545 864 581 clusa
893 557 975 582 suo.

130 608 293 659 dignum
324 616 521 647 tantorum
552 608 719 658 pretium
751 608 837 646 tulit
867 608 931 646 illa
960 608 1163 647 laborum:

183 674 374 712 credibile
404 681 461 712 est
491 673 616 724 ipsam
647 673 701 712 sic
731 674 901 712 voluisse
932 673 1041 711 mori.

596 763 782 799 XXXIII

133 834 254 871 Plena
282 832 466 871 laboratis
496 833 642 871 habeas
672 847 762 871 cum
794 833 935 872 scrinia
964 833 1084 882 libris,

185 897 330 935 emittis
360 911 490 947 quare,
522 897 739 944 Sosibiane‚
771 897 897 935 nihil?

134 966 142 982 ‘
161 964 291 1001 Edent
322 964 508 1001 heredes'
537 962 667 1012 inquis
700 967 811 1001 ‘mea
840 962 1036 1000 carmina’
1094 963 1300 1011 Quando?

186 1036 340 1078 tempus
370 1035 450 1066 erat
480 1027 556 1066 iam
587 1035 635 1074 te,
668 1028 885 1075 Sosibiane,
916 1027 1001 1077 legi.

598 1116 778 1152 XXXIV

132 1185 299 1225 Sordida
328 1200 418 1224 curn
449 1185 519 1224 tibi
549 1185 607 1232 sit,
640 1199 773 1224 verum
806 1193 949 1231 tamen,
982 1187 1124 1231 Attale‚
1157 1185 1262 1232 dicit,

185 1251 362 1301 quisquis
392 1258 429 1289 te
459 1250 612 1289 niveam
643 1251 738 1289 dicit
767 1251 912 1290 habere
941 1258 1084 1301 togam.

616 1341 771 1376 XXXV

134 1409 344 1447 Frontibus
374 1409 546 1447 adversis
577 1411 713 1448 molles
744 1423 975 1448 concurrere
1004 1410 1183 1448 dammas

187 1474 357 1512 vidimus
387 1482 424 1512 et
455 1474 521 1512 fati
551 1482 654 1512 sorte
683 1474 809 1512 iacere
838 1474 931 1524 pari.

133 1547 358 1589 spectavere
387 1553 504 1577 canes
533 1541 731 1589 praedam,
763 1539 990 1589 stupuitque
1020 1539 1211 1589 superbus

187 1612 349 1643 venator
378 1606 503 1642 cultro
533 1604 586 1642 nil
616 1618 819 1654 superesse
849 1618 932 1642 suo.

134 1671 252 1708 Vnde
281 1671 385 1707 leves
415 1669 536 1707 animi
566 1677 676 1708 tanto
706 1671 859 1708 caluere
889 1671 1047 1707 furore?
1442 1684 1458 1714 5

188 1734 243 1773 sic
272 1742 449 1784 pugnant
479 1734 587 1781 tauri,
620 1735 674 1772 sic
705 1735 882 1773 cecidere
912 1734 992 1772 viri.

136 1896 247 1934 Cana
276 1901 333 1932 est
363 1894 485 1932 barba
514 1893 598 1941 tibi,
627 1894 736 1944 nigra
765 1901 823 1932 est
853 1907 990 1932 coma:
1031 1893 1206 1943 tinguere
1237 1892 1400 1930 barbani

189 1973 269 1997 non
290 1960 556 2009 potes—haec
577 1973 695 1997 causa
715 1967 867 1998 est—et
897 1966 1023 2009 potes,
1044 1959 1128 2005 oie,
1153 1971 1320 1996 comam.

178 2078 199 2107 9
222 2069 363 2109 adopta]
390 2069 431 2099 ad
456 2079 543 2108 opus
571 2068 618 2099 CA
798 2079 836 2100 10
859 2069 948 2100 bella
978 2068 1007 2099 T
1126 2068 1333 2107 hippodame
1363 2067 1464 2107 (ipp-)

137 2113 216 2143 AA:
243 2112 468 2151 hippodamus
488 2113 578 2152 <hy-)
599 2112 705 2142 ΒΑίἈ

181 2155 317 2186 XXXII
345 2156 418 2186 Ιιαὸ.
444 2156 474 2186 T
601 2166 620 2194 3
646 2156 797 2186 laborum
814 2156 927 2187 ΑΑΕΑ
945 2156 1017 2193 (ψῆ
1035 2167 1040 2185 :
1067 2155 1227 2185 malorum
1246 2155 1301 2185 ΒΑ

181 2199 337 2229 XXXIII
362 2199 435 2230 hab.
460 2199 490 2229 T
573 2210 592 2238 3
617 2210 670 2230 me
689 2200 737 2230 CA
952 2199 1106 2229 XXXIV
1130 2199 1202 2229 hab.
1229 2198 1258 2228 T
1345 2208 1357 2228 1
1384 2198 1468 2228 dicis

140 2242 188 2273 CA
332 2252 359 2281 1,
381 2253 400 2272 2
418 2243 504 2273 dixit
522 2243 614 2282 falso
635 2243 857 2283 ascrt’psemmt
871 2243 969 2274 codici
986 2242 1096 2274 Tedd.

183 2285 318 2316 XXXV
341 2287 414 2318 lmb.
438 2286 467 2316 T
594 2296 614 2316 2
638 2286 716 2316 fatis
732 2291 804 2317 arte
827 2286 856 2316 T
938 2292 1051 2317 tacere
1068 2285 1123 2315 BA
1265 2294 1285 2323 3
1309 2285 1467 2324 superbis

143 2328 189 2359 CA
208 2329 264 2359 (ἀς
277 2334 338 2368 pro
356 2331 422 2366 ms}
557 2339 576 2369 5
600 2330 737 2360 animae
753 2330 833 2359 AA:
859 2331 959 2360 animi
977 2329 1085 2360 BACA

185 2372 335 2402 XXXVI
361 2372 434 2404 lmb.
451 2372 485 2402 R
588 2383 600 2402 1
627 2373 738 2414 coma]
763 2374 854 2404 coria
872 2373 905 2402 R
1046 2383 1065 2403 2
1089 2376 1141 2402 est
1159 2376 1191 2402 et
1209 2370 1343 2402 AABA:
1377 2375 1467 2401 essct

142 2417 194 2447 (es
211 2416 287 2453 sed)
308 2416 374 2446 CA:
402 2421 453 2446 est
469 2416 529 2446 sed
545 2416 618 2447 Ital.
