1684 2763
725 150 1193 189 EPIGRAMMATON
1226 151 1328 188 LIB.
1361 152 1466 188 XIII

449 261 596 300 CXIX.
628 261 928 297 Mnnenlamlm.

137 344 389 381 Nomentana
419 356 551 380 meum
583 341 652 380 tibi
683 343 749 379 dat
779 341 979 379 vindemia
1009 343 1236 380 Bacchum:

191 408 220 447 si
251 416 288 446 te
319 407 492 457 Quintus
521 414 637 454 amat,
669 406 942 445 commodiora
972 406 1094 445 bibes.

487 512 610 550 CXX.
645 512 892 560 Spoletinum.

138 596 200 632 De
230 593 442 643 Spoletinis
472 607 573 643 quae
603 601 694 631 sunt
724 589 873 632 eariosa
902 593 1052 643 lagonis

192 658 373 697 malueris
404 672 522 708 quam
553 658 584 696 si
615 666 744 696 musta
774 660 938 697 Falerna
968 659 1090 697 bibas.

482 763 631 802 CXXI.
662 764 904 812 Paelzfflmm.

141 844 310 883 Marsica
340 844 514 894 Paeligni
545 845 705 883 mittunt
734 845 889 883 turbata
918 844 1074 883 coloni:

189 922 272 947 non
303 916 354 956 tu,
387 909 549 947 libertus
579 911 649 948 sed
679 909 789 948 bibat
818 909 883 948 illa
912 917 1013 948 tuus.

512 1014 683 1052 CXXII.
715 1014 885 1051 Acetum.

141 1095 346 1144 Amphora
375 1094 518 1132 Niliaci
548 1107 629 1132 non
660 1094 707 1132 sit
737 1094 807 1132 tibi
838 1094 923 1132 vilis
952 1094 1077 1133 aceti:

194 1167 295 1197 esset
325 1172 415 1197 cum
445 1159 592 1206 vinum,
623 1159 735 1198 vilior
764 1159 829 1197 illa
858 1159 940 1197 fuit.

438 1264 634 1303 CXXIII.
665 1265 988 1302 Massalimmcm.

144 1344 246 1382 Cum
278 1351 344 1381 tua
373 1351 563 1382 centenos
593 1352 789 1394 expunget
818 1346 992 1394 sportula
1021 1343 1126 1392 Civis,

196 1409 331 1447 fumea
361 1409 563 1447 Massiliae
592 1423 740 1458 ponere
768 1409 860 1447 vina
888 1416 1013 1459 potes.

455 1513 642 1552 CXXIV.
679 1514 946 1551 Caeretanum.

145 1595 362 1633 Caeretana
393 1595 528 1645 Nepos
557 1602 690 1644 ponat,
723 1594 857 1632 Setina
886 1594 1053 1644 putabis.

198 1672 278 1697 non
308 1659 420 1709 ponit
450 1660 600 1707 turbae,
630 1673 720 1697 cum
751 1659 873 1697 tribus
904 1659 968 1696 illa
999 1659 1108 1697 bibit.

471 1764 634 1803 CXXV.
672 1765 936 1802 Dzrentimmz.

147 1845 303 1883 Nobilis
333 1853 371 1884 et
400 1845 498 1883 lanis
529 1853 566 1884 et
596 1845 687 1884 felix
714 1846 858 1884 vitibus
888 1847 1022 1884 Aulon

200 1912 267 1949 det
297 1910 467 1961 pretiosa
495 1911 566 1949 tibi
595 1913 748 1958 vellera,
781 1911 871 1949 vina
901 1910 1008 1949 mihi.

192 2013 309 2044 CXIX
333 2013 406 2045 hab.
432 2013 462 2044 T
547 2024 561 2044 1
589 2014 863 2045 Nomentaneum
882 2013 911 2043 T
925 2015 1006 2055 (pro
1023 2016 1204 2053 -nz'zeum,1'.
1219 2025 1244 2046 e.
1259 2025 1317 2046 -na
1328 2017 1455 2057 meum)
1475 2030 1481 2048 :

150 2058 364 2088 Nomentana
378 2058 501 2088 malum
510 2057 580 2088 BA:
602 2058 813 2088 Nomentana
824 2068 934 2088 meum
948 2058 996 2087 (Ἀ
1062 2068 1080 2087 2
1098 2059 1191 2088 bibas
1204 2059 1258 2088 BA
1270 2059 1323 2098 (cf.
1334 2059 1481 2101 CXX,2)

192 2101 289 2131 CXX
314 2101 386 2130 lmb.
409 2101 438 2130 T
479 2111 523 2131 DE
541 2110 785 2131 SPoLENTmVM
809 2101 838 2131 T
941 2112 953 2132 1
982 2101 1266 2141 Despolentinum
1289 2103 1319 2133 T
1402 2109 1481 2135 sunt

149 2144 279 2175 AACA:
308 2144 375 2174 sint
391 2144 447 2173 BA
514 2145 641 2175 laconis
658 2145 774 2174 AABA
792 2146 874 2185 (pro
891 2145 973 2184 lag-3

193 2187 307 2217 CXXI
333 2188 406 2218 hab.
429 2187 458 2217 T
566 2197 581 2218 1
607 2188 778 2227 pelignum
804 2189 881 2219 BA:
914 2188 1015 2227 pelini
1043 2188 1092 2219 CA
1181 2189 1290 2220 mittat
1314 2190 1432 2221 orbata
1456 2191 1486 2221 T

150 2241 169 2260 2
193 2230 249 2260 ille
269 2231 316 2260 CA
898 2231 1031 2262 CXXII
1057 2231 1131 2262 lzab.
1158 2232 1217 2261 TR
1305 2243 1324 2262 2
1344 2234 1414 2264 'uini
1433 2234 1480 2265 CA

194 2273 348 2304 CXXIII
373 2273 445 2304 lzab.
472 2274 502 2304 T
588 2284 602 2304 1
630 2279 806 2314 expugnet
822 2275 960 2306 ΑΑΒΑε
984 2280 1159 2314 expunget
1178 2275 1225 2306 CA

195 2316 343 2347 CXXIV
366 2317 438 2347 hab.
463 2317 492 2347 T
579 2329 593 2348 1
620 2328 663 2348 ne
688 2323 869 2357 postponat
893 2319 923 2349 T
1007 2319 1158 2359 putabis]
1185 2319 1283 2358 pubis
1303 2319 1349 2350 CA
1463 2330 1481 2349 2

151 2361 240 2391 tibus
258 2360 305 2390 CA
394 2360 475 2390 bibit
490 2360 622 2391 AACA:
647 2361 739 2392 bibet
755 2361 810 2391 BA

195 2403 324 2435 CXXV
347 2403 420 2435 hab.
450 2403 509 2434 TR
573 2414 775 2434 TARETINVM
792 2404 821 2434 L
