1684 2763
795 141 1266 179 EPIGRAMMATON

632 251 756 288 XXII

139 323 260 360 Mane
290 322 398 360 domi
430 322 503 360 nisi
534 330 571 360 te
601 321 706 360 volui
738 320 942 370 meruique
972 320 1116 366 videre,

190 387 266 425 sint
298 387 403 433 mihi,
438 389 568 434 Paule,
602 395 691 425 tuae
721 386 874 436 longius
907 385 1117 435 Esquiliae.

136 452 205 490 sed
236 451 468 490 Tiburtinae
498 466 584 490 sum
616 451 815 502 proximus
845 452 981 489 accola
1011 451 1122 500 pilae,

190 531 268 566 qua
297 517 404 555 videt
432 517 607 555 anticum
639 517 782 555 rustica
814 518 928 554 Flora
960 517 1123 554 Iovem:

136 583 213 620 alta
243 582 438 620 Suburani
469 582 666 621 vincenda
696 590 754 620 est
785 581 925 620 semita
955 581 1044 619 clivi

190 655 228 685 et
258 661 476 697 numquam
508 647 616 686 sicco
647 647 807 686 sordida
837 660 927 685 saxa
956 648 1090 697 gradu,

137 712 278 762 vixque
308 714 422 751 datur
452 715 587 763 longas
619 715 814 751 mulorum
846 725 1028 762 rumpere
1058 713 1241 750 mandras

190 791 372 828 quaeque
403 778 502 816 trahi
532 780 657 817 multo
688 792 881 816 marmora
912 779 1004 815 fune
1034 777 1154 815 vides.

138 844 232 881 illud
262 845 394 881 adhuc
423 843 576 893 gravius
607 845 715 893 quod
746 852 783 881 te
813 851 901 893 post
933 843 1038 880 mille
1068 843 1235 882 labores,

191 910 322 954 Paule,
356 917 471 958 negat
501 911 604 946 lasso
634 908 775 947 ianitor
805 922 890 946 6556
920 908 1040 946 domi.

138 973 262 1011 exitus
294 974 357 1012 hic
388 973 516 1023 operis
546 974 636 1011 vani
667 975 904 1024 togulaeque
935 973 1156 1012 madentis:

191 1038 252 1076 vix
283 1038 379 1076 tanti
411 1040 577 1076 Paulum
609 1052 725 1077 mane
754 1039 886 1077 videre
916 1038 997 1076 fuit.

138 1107 301 1153 Semper
331 1103 569 1142 inhumanos
601 1105 720 1142 babet
750 1103 949 1142 officiosus
979 1103 1154 1142 amicos:

192 1183 267 1215 rex,
300 1169 371 1208 nisi
403 1169 620 1216 dormieris,
654 1183 733 1207 non
765 1178 877 1220 potes
908 1183 993 1208 esse
1025 1183 1146 1208 meus.

1216 305 1261 319 ⁷7⁷.

623 1277 769 1313 XXIII

142 1346 365 1384 Herbarum
396 1347 522 1385 fueras
552 1346 725 1393 indutus,
760 1349 890 1393 Basse,
924 1348 1086 1392 colores,

193 1410 274 1448 iura
304 1411 502 1449 theatralis
533 1413 628 1450 dum
660 1412 799 1450 siluere
829 1411 916 1450 loci.

138 1490 239 1525 quae
270 1485 480 1527 postquam
511 1477 655 1527 placidi
686 1477 858 1516 censoris
889 1491 981 1515 cura
1011 1477 1161 1515 renasci

193 1541 302 1580 iussit
333 1550 370 1580 et
401 1544 608 1581 Oceanum
639 1542 779 1581 certior
808 1542 918 1580 audit
949 1556 1082 1592 eques,

140 1620 218 1645 non
250 1607 323 1645 nisi
353 1609 413 1646 vel
443 1621 578 1647 cocco.
596 1608 756 1646 madida
786 1609 847 1646 vel
878 1607 1025 1646 murice
1056 1607 1179 1645 tincta

193 1680 299 1711 veste
330 1672 429 1711 nites
460 1682 497 1711 et
528 1682 565 1712 te
596 1673 651 1712 sic
681 1675 774 1711 dare
805 1674 923 1711 verba
954 1681 1079 1723 putas.

140 1737 531 1788 Quadringentorum
563 1741 694 1777 nullae
724 1746 825 1785 sunt,
861 1740 992 1784 Basse,
1026 1740 1208 1776 lacernae

193 1811 258 1840 aut
289 1817 400 1842 meus
429 1811 520 1842 ante
550 1804 678 1842 omnis
710 1805 865 1843 Cordus
895 1805 1057 1843 haberet
1087 1817 1244 1854 equum.

624 1911 765 1947 XXIV

251 1981 421 2018 Hermes
454 1980 597 2018 Martia
627 1980 772 2018 saeculi
802 1982 993 2031 voluptas,

251 2046 421 2083 Hermes
452 2046 637 2084 omnibus
668 2046 843 2084 eruditu5
873 2046 1001 2089 armis,

251 2112 421 2161 Hermes
452 2119 489 2149 et
518 2111 711 2161 gladiator
741 2119 778 2149 et
810 2111 1002 2161 magister,

251 2177 421 2214 Hermes
451 2177 564 2214 turba
594 2176 653 2214 sui
683 2184 907 2227 tremorque
936 2177 1029 2222 ludi,

1301 141 1401 177 LIB.
1434 138 1468 175 V

1436 925 1474 946 10

400 2254 425 2270 m

187 2277 288 2308 XXII
313 2288 333 2317 3
357 2284 434 2309 sunt
450 2284 485 2309 nt
498 2279 559 2310 vid.
576 2279 629 2309 ΒΑ
645 2280 742 2320 (sunt
756 2281 789 2310 in
803 2279 842 2317 L,
857 2285 936 2310 sunt
951 2279 990 2318 P,
1004 2290 1077 2309 sum
1098 2279 1141 2319 Q]
1237 2288 1255 2317 5
1282 2278 1363 2309 Sub.
1379 2278 1474 2308 Itala

141 2321 322 2351 suburbani
340 2323 426 2354 codd.
549 2333 565 2361 7
591 2334 764 2354 murorum
791 2324 845 2353 BA
962 2333 1121 2361 rumpere
1147 2323 1220 2353 BA:
1258 2323 1396 2352 uincere
1427 2322 1474 2351 ίιλ

147 2375 185 2394 10
210 2364 297 2394 lassa
314 2365 367 2394 BA
461 2377 497 2396 12
522 2367 623 2407 tanti]
651 2369 787 2397 tandem
804 2367 851 2397 CA
986 2366 1106 2396 XXIII
1133 2377 1151 2396 2
1179 2366 1249 2395 iure
1263 2366 1310 2395 CA
1328 2373 1409 2404 mon
1424 2365 1471 2399 A)

143 2418 161 2445 3
186 2413 343 2439 censotus
357 2409 404 2439 CA
472 2420 490 2449 5
516 2411 653 2441 tinctam
671 2414 707 2440 nt
721 2411 783 2442 vsd.
803 2411 851 2441 CA
972 2410 1089 2440 XXIV
1114 2420 1133 2449 3
1159 2409 1203 2440 H.
1218 2420 1248 2449 g.
1265 2417 1343 2450 tom.
1358 2410 1404 2447 et)
1422 2408 1474 2438 BA
