1684 2715
727 109 1049 147 PRAEFATIO

215 232 397 270 perversa
425 219 613 257 citatione
646 218 938 269 epigrammatis
968 218 1056 256 xxix
1089 218 1176 258 libri
1211 217 1276 266 Vi,
1311 232 1413 269 quae
1448 222 1557 271 apud

218 284 377 324 Aelium
398 284 681 335 Lampridium
710 291 778 331 est,
802 285 1036 323 onerarem?
1093 284 1252 323 Exclusi
1286 284 1403 323 etiam
1426 285 1559 324 lectio-

217 365 287 391 nes
317 364 382 390 eas
412 363 508 401 quas
536 350 688 400 singula
714 349 996 400 epigrammata
1027 349 1218 388 Martialis
1246 350 1286 388 in
1314 350 1557 400 marginibus

215 417 434 456 alienorum
455 415 640 454 codicum
663 414 863 466 adscripta
884 414 1082 454 exhibent.
1148 416 1211 454 Ne
1237 416 1365 455 codex
1391 415 1556 466 quidem

217 481 432 533 Lipsiensis
447 494 547 519 saec.
563 478 610 518 Χἱ
629 479 693 532 (cf.
712 482 862 530 Haupt,
878 481 1014 530 opusc.
1028 479 1054 527 i,
1070 479 1175 530 286),
1191 479 1231 518 in
1246 494 1327 530 quo
1343 489 1554 519 occurrunt

216 546 335 598 (inter
358 546 433 584 alia
461 544 652 584 Martialis
679 544 976 596 epigrammata)
1005 546 1042 582 X
1069 559 1128 592 xv,
1157 546 1258 583 XIV
1282 545 1380 584 ccxii
1408 553 1558 584 mutata

215 612 462 662 aliquantum
489 612 615 650 forma
643 618 682 649 et
708 610 792 649 sine
821 610 946 649 dubio
975 611 1081 657 falsa,
1105 610 1214 649 testis
1243 610 1339 649 mihi
1363 610 1468 649 visus
1497 618 1557 650 est

217 676 396 715 idoneus.

272 743 320 779 In
350 740 471 779 titulis
495 740 822 791 epigrammatum
851 739 945 778 libb.
970 741 1104 778 I-XII
1125 742 1338 790 archetypa
1357 740 1495 788 AACA,
1517 748 1557 779 et

217 820 285 856 per
313 806 432 844 libros
464 807 574 844 I—IV
603 805 720 844 etiam
750 802 829 853 BA,
852 806 954 843 adeo
985 804 1240 844 consentiunt
1271 812 1313 843 ut
1341 818 1389 843 ex
1415 805 1555 844 eadem

216 871 456 918 recensione,
497 884 520 909 a
561 871 754 909 Martialis
803 870 1049 921 temporibus
1099 884 1180 909 non
1228 871 1345 920 longe
1392 878 1553 917 remota,

217 936 394 975 hausisse
423 950 491 975 eos
520 936 736 975 videantur.
799 937 846 973 In
874 935 981 974 libris
1004 936 1153 973 V—XII
1176 948 1301 974 novos
1322 935 1432 973 finxit
1453 936 1557 974 Gen-

218 1001 370 1040 nadius.
423 1003 473 1040 Et
485 1001 636 1052 aliquot
651 1015 800 1048 eorum,
819 1008 861 1039 ut
876 1002 927 1039 ad
944 1001 1076 1051 Spect.
1092 1000 1129 1038 vi
1148 1012 1203 1038 DE
1220 1012 1298 1038 1vL.
1316 1001 1405 1052 (leg.
1420 1002 1556 1039 Idibus

216 1074 284 1104 aut
304 1066 511 1117 Kalendis)
528 1078 663 1104 APRIL.
688 1078 769 1111 QVA
790 1078 862 1104 DIE
884 1077 1015 1104 omnis
1036 1077 1222 1104 VENATIO
1244 1077 1323 1103 PER
1345 1077 1556 1105 MvaREs

218 1143 435 1170 CONFECTA
466 1144 549 1179 EST,
581 1145 627 1171 ex
660 1133 769 1170 fonte
800 1145 880 1170 non
910 1132 1039 1170 solum
1070 1130 1306 1181 perantiquo
1336 1132 1406 1170 sed
1435 1131 1554 1170 etiam

216 1197 368 1248 optimo
403 1197 623 1235 manavisse
657 1210 798 1247 negare
833 1196 968 1235 nolim.
1029 1196 1134 1235 Cum
1169 1203 1302 1234 tamen
1341 1195 1454 1234 multi
1487 1204 1555 1235 aut

216 1262 412 1301 editorum
434 1275 570 1312 parurn
593 1263 802 1300 doctorum
830 1268 897 1299 aut
923 1260 1287 1299 indoctissimorum
1309 1260 1554 1300 librariorum

217 1341 377 1378 operam
407 1340 499 1378 prae
529 1340 570 1365 se
599 1328 734 1374 ferant,
765 1326 848 1364 iure
877 1327 927 1365 ab
958 1325 1201 1365 editionibus
1231 1325 1433 1364 hodiernis
1463 1327 1556 1365 lem-

217 1400 322 1430 mata
351 1393 612 1431 excluduntur
641 1405 710 1442 per
738 1404 877 1430 omnes
906 1391 1026 1430 libros
1058 1398 1210 1441 praeter
1237 1390 1365 1429 Xenia
1391 1399 1430 1430 et
1450 1393 1556 1442 Apo-

219 1459 393 1508 phoreta.
454 1459 558 1495 Nam
588 1470 657 1507 per
685 1458 758 1496 hos
787 1458 889 1495 duos
916 1456 1036 1495 libros
1063 1457 1253 1495 lemmata
1281 1469 1304 1494 a
1333 1469 1405 1494 sua
1432 1455 1576 1507 ipsius-

218 1537 337 1561 manu
358 1522 584 1573 provenisse
611 1529 728 1572 poeta
755 1528 919 1560 testatur
940 1520 1065 1572 (XIII
1086 1520 1139 1559 iii.
1167 1532 1185 1570 7
1202 1535 1212 1569 3
1241 1522 1342 1559 XIV
1361 1521 1415 1573 ii).
1475 1522 1554 1561 Sed

217 1589 267 1626 dc
288 1589 363 1626 hac
378 1595 460 1626 tota
476 1600 515 1626 re
529 1587 683 1638 plenius
704 1586 797 1626 alibi
814 1585 843 1638 (‘
857 1587 1024 1625 Ancient
1037 1587 1222 1624 Editt‘ons
1243 1586 1492 1636 ‹ngartialJ
1512 1586 1553 1637 v)

218 1653 426 1703 disputavi.

273 1716 617 1768 Orthographiam,
653 1730 754 1766 quae
788 1716 828 1754 in
863 1716 1146 1767 epigrammate
1179 1729 1260 1755 non
1289 1715 1397 1766 parvi
1426 1718 1552 1764 refert,

217 1783 424 1833 diligenter
454 1782 584 1821 rettuli
622 1783 673 1821 ad
718 1781 834 1820 trium
878 1782 1179 1831 archetyporum
1212 1780 1406 1831 optimum
1451 1781 1555 1820 testi-

218 1848 408 1894 monium,
432 1847 485 1886 ita
512 1855 644 1886 tamen
671 1854 714 1885 ut
742 1847 1110 1893 Brambachianam,
1134 1846 1332 1896 siquando
1358 1846 1555 1886 dubitatio

218 1913 412 1960 suberat¹,
434 1912 665 1951 adhiberem
690 1919 728 1950 et
752 1912 896 1950 formas
923 1911 1074 1961 aliquot
1101 1910 1237 1949 lectori
1264 1909 1381 1949 nimis
1406 1910 1554 1950 incom-

217 1979 356 2017 modas
376 1977 583 2025 abicerem,
608 1985 649 2015 ut
669 1979 772 2026 quod
788 1991 858 2027 pro
878 1983 978 2026 quot,
1002 1977 1134 2026 nequit
1149 1989 1220 2026 pro
1242 1976 1392 2025 nequid,
1417 1982 1462 2014 at
1482 1990 1553 2027 pro

215 2043 271 2080 ad
286 2041 437 2093 (etiam,
457 2055 507 2080 ne
527 2042 816 2080 inconstantiae
836 2055 924 2080 reus
945 2054 1084 2087 essem,
1105 2045 1169 2088 set,
1193 2039 1316 2091 aput).

271 2108 350 2146 Sed
377 2107 469 2146 satis
498 2108 694 2157 praefatus
733 2120 832 2146 sum.
893 2108 1031 2144 Restat
1063 2112 1106 2144 ut
1144 2104 1285 2155 gratias
1329 2117 1443 2155 agam
1469 2105 1552 2144 viro

216 2172 365 2223 optime
403 2173 453 2211 de
492 2172 675 2211 Martiale
714 2171 865 2218 merito,
909 2172 951 2209 L.
989 2170 1308 2216 Friedlaendero,
1347 2169 1415 2220 qui
1452 2170 1550 2208 mihi

259 2276 270 2294 ¹
296 2275 348 2308 De
378 2275 495 2308 formis
518 2280 674 2307 coturnus
698 2275 754 2317 (cf.
779 2275 859 2317 tus),
889 2286 911 2306 a
937 2274 1138 2317 (interiect,)
1167 2284 1237 2305 non
1262 2273 1416 2305 dubitare
1439 2273 1549 2305 debui.

217 2327 269 2359 De
285 2328 406 2368 quibus
423 2333 457 2359 et
473 2328 514 2359 de
531 2333 602 2359 tota
619 2338 655 2359 re
671 2327 934 2368 orthographica
947 2326 1148 2368 propediem
1163 2325 1362 2366 plenissime
1375 2326 1550 2366 disputare

217 2380 337 2420 cogito.
