1684 2763
561 160 743 199 INDEX
781 161 1247 202 EPIGRAMMATON

298 271 383 303 Alea
400 281 503 312 parva
520 281 625 303 nuces
641 276 675 302 et
692 282 761 303 non
780 271 942 303 damnosa
955 271 1090 303 videtur
1134 271 1227 311 XIV,
1248 282 1296 311 19.

297 314 447 347 Allatres
463 315 542 346 licet
561 326 667 354 usque
685 326 748 346 nos
766 320 798 346 et
817 325 923 355 usque
967 315 1008 354 V,
1025 317 1077 347 60.

298 357 445 399 Alphius
462 364 540 389 ante
557 359 627 396 fuit,
647 359 760 398 coepit
777 369 867 390 nunc
885 339 1031 398 Olphitis
1047 369 1123 390 esse
1170 359 1229 399 IX,
1249 368 1302 398 95.

298 401 422 433 Amisit
438 408 534 441 pater
550 402 684 432 unicum
702 402 847 433 Salanus
893 402 949 441 VI,
968 404 1023 433 62.

298 444 468 476 Amissum
487 456 553 476 non
572 446 627 476 sset
645 456 719 476 cum
738 446 809 476 sola
825 450 876 476 est
894 446 1002 476 Gellia
1019 452 1148 486 patrem
1195 445 1222 483 Ι,
1239 455 1291 484 33.

298 487 608 528 Amphitheatrales
626 489 716 519 inter
732 490 857 520 nutrita
874 490 1053 527 magistros
1098 489 1160 522 XI,
1179 490 1232 527 69.

298 531 579 572 Amphitheatrali
599 542 661 562 nos
678 533 955 562 commendamus
973 533 1014 563 ab
1032 543 1093 563 usu
1141 532 1234 570 XIV,
1254 541 1325 570 135.

299 574 473 615 Amphora
492 576 656 605 Nestorea
672 575 731 605 tibi
751 575 950 605 Mamertina
966 580 1104 606 senecta
1150 575 1245 611 XIII,
1272 584 1340 613 117.

299 617 475 658 Amphora
493 618 612 648 Niliaci
630 629 699 648 non
718 618 759 648 sit
777 619 836 648 tibi
852 618 927 648 vilis
944 619 1028 649 aceti
1075 618 1172 657 XIII,
1196 629 1267 648 122.

299 661 475 701 Amphora
492 662 611 700 vigesi,
631 662 764 692 modius
780 662 879 692 datur
894 672 973 692 aere
990 667 1154 701 quaterno
1201 661 1279 702 XII,
1301 661 1351 700 76.

301 704 352 734 Avi
372 706 496 744 possim
511 706 655 735 vetulam
674 705 754 743 (vid.
778 704 873 735 ‘Non
892 715 1028 744 possum
1042 705 1066 743 ³)

299 748 465 779 Ancillam
483 749 544 778 tibi
561 759 636 778 sors
652 748 744 779 dedit
760 749 916 778 lucernae
963 748 1056 786 XIV,
1073 761 1125 788 40.

299 790 552 822 Ancillariolum
572 797 628 821 tua
645 797 678 822 te
695 797 792 822 vocat
811 802 905 825 uxor,
927 797 959 822 et
977 793 1048 831 ipsa
1094 791 1174 830 XII,
1191 793 1242 831 58.

299 834 477 867 Annorum
495 835 659 874 nitidique
676 840 767 865 sator
783 835 1008 874 pulcherrime
1026 837 1140 866 mundi
1188 836 1230 871 X,
1248 835 1299 866 28.

299 877 431 909 Ansere
451 879 607 908 Romano
629 879 780 917 quamvis
797 883 890 909 satur
907 879 1077 910 Hannibal
1094 884 1186 910 esset
1231 877 1328 914 XIII,
1347 887 1399 917 73.

299 920 391 953 Ante
407 922 576 961 frequens,
594 922 653 951 sed
672 932 759 952 nunc
776 932 871 953 rarus
888 933 949 953 nos
966 923 1069 953 donat
1084 924 1213 953 amicus
1259 921 1351 963 XIV,
1372 930 1443 951 122.

299 964 532 1005 Antipolitani,
552 965 670 1003 fateor,
688 975 759 995 sum
775 966 844 995 filia
862 966 984 1005 thynni
1031 966 1128 1005 XIII,
1152 976 1223 1004 103.

299 1007 440 1048 Antiqui
461 1020 520 1039 rex
538 1019 659 1048 magne
677 1010 744 1047 poli
763 1009 944 1049 mundique
961 1009 1082 1048 prioris
1127 1009 1207 1048 XII,
1223 1011 1277 1041 62.

299 1051 428 1083 Antoni
448 1052 571 1083 Phario
589 1052 670 1082 nihil
688 1052 860 1083 obiecture
879 1053 1025 1084 Pothino
1068 1053 1109 1091 V,
1123 1055 1177 1092 69.

300 1095 451 1126 Anxuris
468 1096 626 1135 aequorei
646 1096 807 1134 placidos,
829 1096 1002 1135 Frontine,
1016 1107 1170 1127 recessus
1214 1095 1258 1135 X,
1278 1096 1330 1135 58.

301 1138 531 1178 Apollinarem
549 1150 634 1170 conv
637 1139 690 1169 eni
709 1149 830 1177 meum,
850 1149 971 1170 scazon
1017 1139 1093 1173 VII
1113 1141 1165 1171 26.

301 1182 425 1222 Appia.
445 1193 542 1221 quam
561 1182 663 1212 simili
679 1184 918 1213 venerandus
912 1194 943 1213 111
964 1183 1110 1213 Heicule
1128 1184 1256 1213 Caesar
1301 1182 1362 1222 IX,
1385 1191 1454 1214 101.

300 1225 508 1265 Archetypis
525 1226 625 1256 xetuli
644 1225 725 1255 nihil
743 1231 794 1256 est
810 1226 959 1257 odiosius
976 1227 1073 1257 Aucti
1120 1226 1211 1258 VIII
1231 1227 1260 1256 6

300 1268 533 1308 Archetypum
553 1270 652 1308 Myos
667 1274 843 1307 argentum
862 1274 895 1299 te
913 1270 996 1300 dicis
1014 1270 1139 1301 habere
1184 1269 1279 1307 VIII,
1295 1279 1349 1309 34.

300 1312 426 1344 Arctoa
444 1314 485 1343 de
501 1318 604 1351 gente
621 1322 750 1342 comam
768 1313 838 1347 tibi
859 1313 883 1342 I
887 1313 990 1344 esbia.
1008 1313 1081 1343 misi
1126 1313 1165 1347 V,
1184 1313 1237 1343 68.

301 1355 415 1387 Ardea
431 1357 575 1386 solstitio
595 1355 826 1395 Castranaque
845 1366 922 1387 rura
939 1361 1097 1395 petantur
1142 1356 1198 1395 IV,
1217 1357 1271 1387 6ο.

301 1399 445 1438 Argenti
463 1410 571 1438 genus
584 1410 683 1429 omne
699 1399 893 1438 conparasti
941 1399 997 1437 IV,
1017 1409 1070 1438 39.

301 1442 350 1472 Ar
352 1444 443 1483 genti
462 1444 577 1473 libram
594 1443 771 1479 mittebas;
796 1443 882 1473 facta
898 1443 1019 1473 selibra
1036 1448 1086 1474 est
1132 1443 1174 1479 X,
1189 1453 1243 1482 57.

301 1485 444 1526 Argenti
461 1487 562 1517 libras
580 1486 705 1516 Marius
721 1486 778 1516 tibi
797 1487 944 1525 quinque
962 1486 1095 1525 reliquit
1141 1485 1182 1521 II
1205 1487 1255 1524 76.

301 1529 489 1570 Argentum
502 1536 602 1569 atque
613 1540 728 1560 aurum
740 1529 838 1560 facilc
849 1535 901 1560 est
915 1531 1114 1569 laenamque
1129 1534 1309 1570 togamque
1341 1529 1505 1570 X111‚48.‘'.

302 1572 515 1611 Argiletanas
533 1573 638 1604 mavis
654 1573 806 1604 habitare
823 1573 981 1603 tabernas
1027 1573 1052 1611 1,
1069 1583 1100 1612 3.

301 1616 417 1656 Argoa
435 1619 577 1656 primum
598 1627 669 1646 sum
688 1621 914 1655 transportata
932 1617 1046 1647 carina
1091 1616 1187 1656 XIII,
1209 1627 1260 1656 72.

302 1660 481 1691 Arrectum
499 1661 654 1699 quotiens
672 1660 813 1690 Marulla
831 1670 953 1699 penem
1001 1660 1043 1692 X.
1058 1670 1111 1699 55.

302 1703 462 1734 Arretina
480 1705 577 1733 nimis
593 1715 635 1733 ne
651 1714 793 1742 spernas
809 1714 890 1734 vasa
906 1713 1082 1734 monemus
1130 1703 1222 1742 XIV,
1238 1704 1291 1742 98.

301 1747 435 1786 Arrigis
452 1748 493 1777 ad
512 1748 650 1779 vetulas,
669 1746 806 1779 fastidis.
829 1747 947 1780 Basse.
967 1747 1097 1786 puellas
1144 1746 1204 1785 111,
1224 1749 1276 1785 76.

302 1790 539 1821 Artemidorus
556 1791 657 1820 habet
674 1800 812 1829 puerum
831 1791 890 1820 sed
909 1790 1061 1820 vendidit
1077 1800 1194 1828 agrum
1241 1790 1301 1829 IX,
1321 1799 1373 1821 21.

302 1833 441 1865 Artibus
458 1834 511 1863 his
527 1844 663 1872 semper
678 1843 807 1865 cenam.
826 1833 1032 1871 philomuse,
1053 1834 1194 1863 mereris
1242 1833 1302 1870 IX,
1318 1843 1370 1871 35.

302 1876 399 1908 Artis
416 1878 498 1907 ebur
515 1878 663 1906 medicae
682 1877 852 1906 narthecia
868 1878 999 1906 cernis:
1025 1877 1163 1907 habebis
1208 1876 1299 1915 XIV,
1321 1877 1371 1915 78.

302 1919 396 1951 Artis
414 1920 594 1950 Phidiacae
610 1925 761 1950 toreuma
778 1919 901 1950 clarum
949 1919 1009 1957 III,
1026 1929 1079 1958 35.

302 1962 430 2003 Aspice
447 1973 543 2003 quam
563 1964 703 1993 densum
722 1963 896 1993 tacitarum
914 1963 1022 1992 vellus
1039 1973 1197 2002 aquarum
1245 1962 1301 2001 IV,
1319 1972 1348 2001 3.

303 2006 429 2046 Aspice
446 2017 542 2046 quain
563 2006 699 2044 placidis
717 2006 853 2036 insultet
870 2008 966 2036 turba
984 2006 1136 2036 iuvencis
1180 2007 1220 2045 V,
1238 2015 1292 2043 31.

303 2049 428 2090 Aspice
443 2060 540 2089 quam
559 2054 683 2079 tumeat
706 2060 825 2088 magno
846 2050 939 2079 iecur
955 2059 1077 2079 ansere
1096 2050 1201 2079 maius
1248 2049 1345 2088 XIII,
1362 2050 1414 2089 58.

303 2093 438 2133 Aspicis
455 2095 545 2124 hunc
564 2103 630 2122 11110
649 2098 844 2123 contentum
862 2092 998 2130 lumine,
1018 2093 1112 2122 0111115
1150 2092 1243 2124 VIII.
1262 2103 1313 2131 59.

303 2136 440 2177 Aspicis
457 2137 598 2167 inbelles
615 2141 779 2175 temptent
798 2146 897 2175 quam
915 2136 1013 2166 fortia
1029 2137 1182 2166 dammae
1229 2135 1284 2176 IV,
1307 2146 1358 2175 74.

304 2180 438 2220 Aspicis
457 2180 638 2219 incomptis
657 2180 760 2217 illum,
780 2179 940 2212 Deciane,
961 2179 1092 2218 capillis
1139 2179 1164 2218 I,
1184 2189 1235 2217 24.

304 2223 439 2264 Aspicis
457 2223 628 2262 ingenium
647 2223 734 2253 Nili:
759 2223 881 2261 quibus
898 2223 1023 2252 addere
1042 2222 1137 2261 plura
1184 2222 1275 2260 XIV,
1299 2232 1368 2262 115.

303 2267 439 2307 Aspicis
457 2272 490 2297 ut
509 2276 631 2306 parvus
650 2277 709 2296 nec
727 2267 835 2296 adhuc
853 2266 1028 2296 trieteride
1047 2266 1145 2304 plena
1190 2265 1248 2305 VI,
1267 2266 1320 2303 38.

303 2310 408 2342 Astra
423 2310 605 2349 polumque
622 2310 726 2346 dedit,
744 2309 893 2348 quamvis
911 2314 1068 2347 opstante
1084 2320 1229 2339 noverca
1273 2309 1312 2348 V,
1331 2309 1382 2349 65.

304 2354 406 2385 Astra
424 2354 606 2393 polumque
623 2354 678 2392 pie
695 2353 812 2391 cepisti
830 2358 953 2387 mente,
977 2353 1091 2382 Rabiri
1137 2352 1212 2391 VII,
1232 2353 1282 2391 56.

302 2397 430 2428 Atreus
449 2397 615 2427 Caecilius
630 2396 875 2426 cucurbitarum
923 2395 984 2433 XI,
1001 2405 1053 2433 31.

304 2441 401 2472 Atria
420 2441 577 2472 Pisonum
593 2440 725 2471 stabant
743 2449 816 2470 eum
833 2444 1008 2470 stemmate
1026 2444 1097 2471 toto
1145 2439 1201 2479 IV,
1217 2449 1270 2478 40.
