1684 2715
800 110 1267 150 EPIGRAMMATON
1301 110 1471 149 LIBER

675 225 733 261 VI

140 306 305 357 Belliger
335 305 488 344 invictis
519 307 628 356 quod
661 307 768 344 Mars
799 305 869 343 tibi
899 305 1014 343 servit
1046 305 1082 343 in
1113 305 1241 353 armis,

192 386 272 410 non
303 371 395 411 satis
426 379 495 419 est,
528 373 684 419 Caesar,
716 370 832 410 servit
861 379 899 410 et
929 370 1013 421 ipsa
1043 373 1189 409 Venus.

651 488 752 526 VIb

144 574 382 609 Prostratum
413 578 521 608 vasta
551 571 723 609 Nemees
753 570 792 608 in
823 572 922 609 valle
952 572 1108 608 leonem

194 636 327 675 nobile
359 644 396 674 et
429 638 673 674 Herculeum
704 638 808 674 fama
837 637 1004 674 canebat
1033 650 1143 686 opus.

140 701 266 751 prisca
295 702 393 740 fides
423 709 573 739 taceat:
613 715 704 740 nam
735 709 823 752 post
854 710 920 740 tua
950 715 1123 748 munera,
1155 702 1311 748 Caesar,

193 769 271 805 hoc
301 766 378 804 iam
409 766 582 805 femineo
612 798 619 805 .
653 797 660 805 .
693 797 700 805 .

653 884 736 920 VII

145 963 323 1012 Qualiter
352 963 391 1001 in
422 963 605 1013 Scythica
634 963 815 1014 religatus
845 978 940 1014 rupe
971 965 1230 1002 Prometheus

194 1028 403 1068 adsiduam
434 1029 557 1068 nimio
586 1037 746 1079 pectore
775 1029 880 1083 pavit
909 1043 1034 1076 avem,

144 1095 250 1133 nuda
279 1094 501 1134 Caledonio
531 1094 586 1133 sic
615 1094 764 1134 viscera
792 1095 972 1145 praebuit
1002 1108 1092 1133 urso

197 1173 278 1198 non
308 1161 405 1198 falsa
434 1161 613 1210 pendens
643 1160 682 1198 in
712 1174 828 1199 cruce
858 1162 1085 1199 Laureolus.

144 1224 328 1263 vivebant
358 1225 474 1263 laceri
505 1225 692 1264 membris
722 1225 959 1264 stillantibus
988 1233 1093 1264 artus
1462 1241 1477 1269 5

198 1290 318 1340 inque
347 1290 457 1328 omni
487 1304 683 1342 nusquam
713 1304 877 1341 corpore
906 1304 1049 1340 corpus
1079 1298 1169 1329 erat.

146 1355 319 1406 denique
349 1356 586 1406 supplicium
617 1387 625 1395 .
657 1387 664 1395 .
698 1387 705 1395 .

199 1423 259 1460 vel
289 1421 441 1460 domini
472 1421 647 1471 iugulum
677 1423 829 1460 foderat
859 1436 953 1460 ense
982 1435 1142 1468 nocenS,

146 1488 294 1537 templa
323 1488 383 1525 vel
412 1500 558 1525 arcano
588 1488 753 1525 demens
783 1487 1015 1537 spoliaverat
1044 1500 1151 1534 auro,

201 1550 430 1590 subdiderat
460 1564 594 1589 saevas
624 1553 685 1590 vel
715 1551 797 1599 tibi,
830 1553 971 1599 Roma,
1003 1552 1117 1590 faces.
1445 1565 1482 1586 10

148 1617 292 1655 vicerat
320 1616 506 1666 antiquae
536 1618 747 1655 sceleratus
776 1616 940 1655 crimina
968 1618 1107 1663 famae,

202 1681 239 1719 in
271 1695 362 1731 quo,
395 1695 495 1732 quae
524 1683 647 1720 fuerat
676 1682 819 1730 fabula,
851 1695 981 1732 poena
1010 1681 1092 1720 fuit.

661 1799 767 1836 VIII

151 1880 338 1926 Daedale,
370 1880 534 1918 Lucano
565 1893 655 1918 cum
686 1879 741 1918 sic
770 1879 948 1918 lacereris
977 1880 1029 1918 ab
1058 1892 1160 1926 urso,

203 1957 321 1994 quam
353 1958 515 1994 cuperes
545 1945 685 1995 pinnas
716 1959 823 1983 nunc
852 1945 1037 1984 habuisse
1067 1947 1176 1983 tuas!

194 2046 240 2076 V1
265 2047 340 2078 hab.
368 2047 398 2077 T
528 2057 552 2087 r,
580 2059 599 2078 2
624 2049 731 2078 saeuit
750 2048 830 2088 <se-3
848 2048 922 2079 Ital.

194 2090 238 2120 VI
254 2091 273 2120 b
289 2091 363 2121 hab.
386 2090 419 2123 T.
457 2091 543 2122 Cum
557 2092 603 2122 VI
619 2103 637 2122 a
654 2091 746 2131 coufl.
762 2092 836 2123 Ital.
937 2102 949 2121 1
975 2092 1028 2123 Pr.
1045 2101 1183 2121 nemees
1200 2095 1232 2121 et
1246 2095 1340 2120 uasta
1357 2090 1388 2119 in
1406 2089 1478 2119 Ital.

151 2143 170 2162 2
195 2139 228 2164 et
245 2134 346 2165 ltal.:
377 2145 442 2165 om.
463 2135 523 2165 ΑΛ
655 2147 674 2174 4
700 2137 762 2166 hoe
787 2136 886 2165 etiam
916 2135 1062 2165 femineo
1089 2135 1206 2173 <peteris
1232 2134 1374 2167 omissis)
1401 2132 1480 2161 AA:

151 2177 233 2207 haee
261 2178 325 2208 iam
362 2177 506 2208 feminea
533 2179 672 2209 dicimus
698 2180 761 2217 (vel
787 2179 944 2219 uidimus)
971 2184 1045 2209 acta
1073 2188 1173 2208 manu
1197 2177 1291 2208 ltal.:
1329 2177 1392 2206 hoc
1418 2176 1480 2205 iam

152 2220 298 2251 femineo
324 2221 431 2252 Marte
455 2222 598 2252 fatemur
621 2222 674 2261 agi
699 2222 871 2252 Buecheler

195 2264 366 2338 {llssllzzzbb
381 2265 432 2339 ΤΥ
540 2276 556 2304 7
583 2266 721 2305 dignum
739 2266 813 2296 tulit
828 2277 836 2305 ;
861 2266 916 2296 ille
933 2265 1085 2305 parentis
1102 2264 1180 2295 add.
1198 2263 1417 2295 Schneidewin

327 2318 346 2338 a
368 2332 375 2339 .

1360 2360 1397 2390 1*
