1684 2763
203 142 257 178 M.
289 141 412 178 VAL.
446 141 762 180 MARTIALIS

198 254 329 301 frange
360 261 477 299 torm,
508 261 598 302 pete
627 252 728 300 vina,
761 266 868 292 rosas
898 267 1006 303 cape,
1039 254 1215 305 tinguere
1245 257 1396 295 nardo:

252 317 334 367 ipse
364 317 472 356 iubet
503 317 638 356 mortis
670 326 707 357 te
738 318 965 357 meminisse
994 321 1104 359 deus.

722 407 794 443 LX

204 477 374 513 onrem
403 475 542 514 armati
572 476 701 524 futuis,
734 490 831 526 puer
862 478 993 526 Hylle,
1025 477 1182 524 tribuni,

251 539 489 590 supplicium
520 548 674 579 tantum
704 542 800 579 dum
831 541 978 591 puerile
1009 541 1134 580 times.

198 618 268 643 vae
297 605 380 653 tibi,
411 607 507 644 dum
539 606 652 653 ludis,
686 607 918 644 castrabere.
979 608 1065 645 Iam
1096 606 1192 644 mihi
1222 607 1330 646 dices

255 672 369 709 ‘Non
400 670 489 709 licet
519 672 620 709 hoc.'
678 671 816 720 Quid?
846 680 887 710 tu
918 673 1025 721 quod
1056 672 1161 720 facis,
1197 674 1327 722 Hylle,
1359 673 1478 712 lieet?

712 760 806 796 LXI

199 831 302 868 (jum
333 829 402 867 tibi
432 837 638 867 vernarent
667 829 789 867 dubia
818 829 1002 879 lanugine
1033 832 1170 878 malae,

253 895 453 932 lambebat
484 894 638 933 medios
668 894 835 944 inproba
865 894 997 944 lingua
1025 895 1139 934 viros.

201 968 409 1010 postquam
440 959 547 998 triste
577 968 695 1010 caput
725 959 880 998 fastidia
910 959 1163 1010 vispillonum

253 1032 290 1063 et
321 1024 450 1063 miseri
481 1025 621 1063 meruit
651 1024 782 1063 taedia
812 1025 1016 1072 carnificis,

200 1095 316 1134 uteris
346 1109 412 1133 ore
441 1095 551 1133 aliter
580 1095 780 1145 nimiaque
810 1095 993 1145 aerugine
1023 1104 1160 1145 captus
1514 1113 1531 1142 5

252 1162 420 1199 adlatras
450 1174 595 1199 nomen
627 1161 735 1210 quod
767 1160 836 1198 tibi
866 1174 1037 1210 cumque
1067 1161 1191 1199 datur.

205 1228 373 1264 Haereat
403 1225 628 1275 inguinibus
658 1225 787 1275 potius
818 1233 896 1263 tam
928 1225 1043 1263 noxia
1072 1225 1227 1276 lingua:

255 1304 345 1329 nam
375 1304 465 1329 cum
497 1292 656 1337 sellam,
688 1290 821 1341 purior
850 1290 913 1328 illa
944 1290 1026 1329 fuit.

700 1379 818 1416 LXII

202 1450 323 1497 Quod
353 1457 501 1498 1)ectuS‚
533 1450 641 1498 quod
671 1462 781 1486 crura
810 1448 891 1495 tibi,
925 1450 1032 1498 quod
1064 1448 1247 1487 bracchia
1276 1448 1396 1496 vellis,

255 1515 363 1563 quod
392 1514 521 1552 cincta
551 1522 608 1552 est
640 1513 822 1552 brevibus
854 1516 1029 1552 mentula
1060 1522 1173 1552 tonsa
1203 1513 1316 1563 pilis:

203 1580 276 1616 hoc
306 1587 489 1628 praestaS,
524 1578 710 1625 Labiene,
743 1578 976 1628 tuae—quis
1007 1578 1131 1617 nescit
1144 1578 1376 1618 ?—-amicae.

259 1644 331 1683 Cui
367 1652 549 1693 praestas,
583 1646 714 1682 culum
746 1645 865 1694 quod,
900 1643 1086 1691 Labiene,
1118 1643 1244 1694 pilas?

691 1733 834 1769 LXIII

206 1803 295 1840 Sola
326 1801 394 1839 tibi
426 1803 577 1840 fuerant
608 1801 793 1847 sestertia,
829 1800 1003 1847 Miliche,
1036 1809 1207 1848 eentum,

257 1880 358 1916 quae
388 1866 475 1905 tulit
504 1881 525 1904 e
555 1879 663 1904 sacra
694 1867 803 1904 Leda
833 1867 1037 1915 redempta
1066 1865 1136 1904 via.

207 1931 378 1978 Minthe,
411 1931 560 1969 luxuria
590 1939 647 1969 est
677 1930 707 1969 si
738 1930 834 1969 tanti
864 1930 973 1970 dives
1002 1944 1164 1969 amares.

260 1998 377 2034 ‘Nun
407 1998 520 2034 amo’
550 1996 628 2034 iam
657 1996 789 2034 dices:
829 1997 926 2034 haec
957 2010 1117 2046 quoque
1147 1995 1295 2034 luxuria
1325 2003 1393 2034 est.

248 2099 308 2129 LX
335 2100 408 2131 lmb.
427 2100 458 2129 R
608 2111 621 2130 1
650 2104 774 2130 tractas
790 2099 850 2129 ΑΑ
870 2100 946 2139 (pro
963 2099 1082 2137 futuis)
1229 2109 1248 2128 2
1274 2108 1336 2129 nec
1352 2098 1432 2130 AA:
1457 2099 1534 2129 dum

204 2143 308 2173 BACA
327 2153 420 2179 finum
438 2143 531 2174 A-’Gs
638 2143 765 2182 puerile
783 2142 856 2174 Ital.
875 2154 882 2172 :
909 2153 994 2182 puer
1011 2143 1102 2182 hylle
1120 2142 1229 2182 (hille,
1246 2142 1317 2180 ille)
1336 2141 1423 2172 codd.
1514 2152 1534 2180 3

203 2186 402 2217 castraveris
427 2187 564 2226 (herisi
591 2186 640 2216 CA
763 2186 844 2225 iam]
870 2196 912 2215 an
937 2186 1021 2216 AG
1140 2186 1223 2216 dicis
1250 2184 1297 2215 CA
1325 2186 1400 2225 (pro
1424 2186 1535 2226 -ces3)

203 2230 412 2260 castraberis.
461 2229 515 2259 An
534 2230 613 2259 mihi
632 2230 715 2260 dicis
730 2229 950 2260 Schneidezcu'n
966 2228 972 2244 ¹

249 2272 327 2302 LXI
357 2283 368 2302 1
398 2279 515 2303 tenera
531 2273 607 2303 BA:
631 2273 729 2303 dubia
749 2273 798 2303 CA
918 2282 937 2311 3
964 2272 1094 2310 fastigia
1112 2271 1167 2300 BA
1287 2280 1306 2308 5
1331 2271 1535 2310 minimaque

203 2315 290 2346 codd.
311 2316 494 2355 (nimiaque
514 2317 557 2356 Q)
647 2316 812 2354 aurugine
832 2315 879 2345 CA
1031 2316 1051 2344 6
1074 2315 1184 2345 datum
1203 2318 1254 2344 est
1271 2313 1326 2343 BA
1343 2325 1350 2344 ι
1373 2314 1470 2344 datur
1488 2314 1535 2344 CA

207 2369 222 2397 7
249 2360 451 2398 unguinibus
475 2359 523 2389 CA
658 2364 724 2389 tam
740 2359 813 2390 BA:
841 2359 894 2388 uia
912 2369 989 2389 corr.
1012 2357 1087 2397 iam⁷
1108 2361 1145 2387 nt
1159 2357 1221 2388 vid.
1244 2357 1291 2387 CA
1314 2357 1418 2395 (uiam
1444 2357 1533 2388 EA:

204 2403 260 2432 uia
277 2402 328 2432 B:
356 2410 363 2420 ⁴
378 2403 431 2432 uia
444 2403 451 2413 '
470 2403 520 2433 vel
547 2402 631 2432 ‘iam
645 2403 653 2415 ³
681 2402 730 2432 G:
754 2402 817 2432 iam
835 2400 884 2431 X:
910 2407 964 2431 tua
985 2401 1022 2432 Ο
1148 2400 1243 2431 LXII
1267 2400 1341 2432 hab.
1366 2401 1396 2431 T
1515 2411 1535 2440 3

205 2451 357 2485 praestat
375 2445 432 2476 BA
836 2445 953 2475 LXIII
977 2455 997 2485 3
1023 2445 1146 2475 amaris
1161 2445 1229 2476 BA:
1251 2454 1381 2476 amares
1399 2444 1447 2475 CA
