1684 2763
780 173 1248 211 EPIGRAMMATON
1280 174 1383 210 LIB.
1414 174 1513 210 XIV

353 294 545 332 CXXXV
575 292 861 343 (CXXXVII).
893 293 1088 330 Lar-emme
1117 294 1235 330 albae.

185 373 513 423 Amphitheatrali
544 388 616 411 nos
646 374 974 412 commendamus
1004 373 1054 411 ab
1085 387 1168 420 usu,

236 453 327 477 cum
359 446 462 489 teget
491 440 666 488 algentes
695 439 786 476 alba
815 440 970 476 lacerna
1001 445 1122 487 togas.

425 552 638 590 CXXXVI
670 550 909 601 (CXXXV).
943 551 1165 588 Cenatoria.

184 635 269 672 Nec
299 635 382 671 fora
411 641 501 671 sunt
531 632 646 671 nobis
677 647 749 671 nec
780 641 870 670 sunt
900 632 1126 671 vadimonia
1156 640 1275 671 nota:

236 700 312 737 hoc
342 712 441 748 opus
471 706 539 745 est,
572 698 684 748 pictis
713 697 946 736 accubuisse
975 698 1078 736 toris.

469 820 706 858 CXXXVII
739 818 942 868 (CXLII).
974 820 1115 856 Focale.

183 900 221 939 Si
252 900 481 939 recitaturus
511 901 659 938 dedero
689 899 759 938 tibi
789 901 887 938 forte
917 899 1105 948 libellum,

235 967 312 1004 hoc
341 967 466 1004 focale
496 974 581 1004 tuas
610 966 765 1003 adserat
793 965 996 1003 auriculas.

424 1077 685 1115 CXXXVIII
717 1075 979 1126 (CXXXVI).
1012 1077 1158 1113 Laena.

181 1159 380 1207 Tempore
411 1156 578 1195 brumali
608 1170 688 1195 non
720 1158 886 1194 multum
917 1157 1017 1195 levia
1046 1165 1236 1207 prosunt:

234 1222 444 1261 calfaciunt
473 1221 551 1259 villi
581 1221 698 1272 pallia
726 1230 853 1260 vestra
882 1221 969 1260 mei.

400 1333 617 1371 CXXXIX
648 1332 959 1383 (CXXXVIII).
990 1333 1174 1370 Mantele.

182 1413 364 1452 Nobilius
394 1413 531 1451 villosa
560 1421 691 1463 tegant
722 1413 792 1451 tibi
821 1413 940 1451 lintea
969 1413 1133 1452 citrum:

234 1479 395 1517 orbibus
426 1479 465 1516 in
495 1478 637 1517 nostris
667 1478 834 1517 circulus
864 1492 949 1517 esse
978 1486 1118 1528 potest.

386 1590 496 1628 CXL
525 1590 790 1640 (CXXXIX).
823 1591 977 1628 Cuculli
1002 1590 1212 1628 Liburna-i.

182 1673 348 1721 Iungere
378 1670 535 1708 nescisti
564 1671 690 1718 nobis,
722 1684 746 1709 o
776 1673 903 1718 stulte,
935 1673 1132 1710 lacernas:

233 1736 416 1774 indueras
445 1737 566 1783 albas,
597 1750 694 1774 exue
723 1738 918 1774 callainas.

223 1840 387 1872 CXXXV
409 1841 482 1871 hab.
514 1840 544 1871 T
613 1850 829 1871 ALBAETICAE
851 1841 943 1880 T(cf.
962 1841 1165 1872 CXXXIII«
1331 1853 1345 1873 1
1371 1842 1509 1883 Amphi-

180 1885 335 1916 theatrali
362 1894 424 1915 nos
448 1884 529 1915 AA:
557 1884 819 1924 Amphitheatra
844 1884 911 1915 lino
936 1885 1009 1917 BA:
1036 1885 1351 1924 Amphitheatrales
1378 1897 1440 1918 nos
1461 1888 1509 1918 CA

179 1928 454 1960 commendamus
485 1928 527 1958 ab
561 1938 621 1958 usu
649 1928 783 1959 AABA:
821 1930 1095 1959 commendamur
1126 1930 1168 1960 ad
1202 1939 1265 1960 usu
1301 1932 1426 1970 (usum)
1462 1932 1509 1962 CA

180 1983 199 2002 2
224 1982 299 2002 eum
317 1976 411 2010 teget
427 1971 505 2003 AA:
533 1982 607 2002 cum
626 1971 710 2010 tegit
729 1972 909 2011 (contegitl
928 1973 1035 2003 BACA
1205 1973 1484 2013 algentesAACA
1502 1986 1509 2005 :

179 2015 333 2047 albentes
346 2014 401 2044 ΒΑ
490 2015 566 2045 alba
583 2015 698 2045 ΑΑΒΑ
717 2027 724 2046 z
748 2020 864 2046 nostra
882 2015 930 2046 CA
1019 2026 1134 2046 comas
1149 2016 1210 2046 ΑΑ

223 2058 404 2090 CXXXVI
431 2058 504 2090 hab.
528 2059 557 2089 T
676 2070 695 2089 2
721 2058 818 2098 pictis
835 2059 1030 2090 accubuisse
1048 2060 1129 2091 toris
1149 2060 1286 2091 ΑΑΒΑτ
1309 2061 1406 2092 dictis
1425 2061 1504 2100 (cett.

179 2113 244 2133 om.
258 2113 360 2141 usque
371 2101 417 2132 ad
426 2102 639 2143 CXXXVII,
654 2112 673 2132 2
685 2105 773 2143 tuas)
791 2103 850 2142 CA,
869 2103 1003 2142 mzdefit
1018 2105 1116 2134 dictis
1130 2105 1264 2134 adserat
1278 2105 1445 2135 auriculas
1460 2104 1508 2134 CA

220 2145 420 2176 CXXXVII
445 2146 518 2176 hab.
546 2146 576 2176 T
769 2157 788 2177 2
813 2146 932 2177 socelle
950 2147 980 2178 T
1115 2148 1245 2178 adseris
1267 2148 1297 2179 T
1311 2149 1391 2189 (pro
1408 2148 1445 2178 -it
1461 2149 1506 2185 U:

178 2190 314 2220 adserat
333 2189 432 2227 (ass-3
448 2188 556 2219 BACA

222 2232 439 2263 CXXXVIII
465 2233 540 2264 lmb.
564 2232 592 2263 T
694 2243 707 2262 1
734 2233 824 2264 lenia
842 2233 871 2264 T
976 2239 1119 2274 prosunt
1135 2234 1252 2264 ΑΑΒΑ
1270 2245 1277 2265 :
1303 2239 1445 2274 possunt
1459 2234 1506 2265 CA

180 2277 251 2315 (δαί
268 2281 411 2314 prosunt
428 2275 481 2309 X)
622 2287 641 2306 2
664 2277 749 2312 villi]
778 2278 857 2307 nulli
876 2277 931 2307 BA
1034 2277 1117 2318 mei]
1135 2278 1242 2308 semel
1265 2278 1294 2308 T
1308 2280 1386 2317 (pro
1403 2278 1466 2308 mel
1480 2280 1503 2308 Γ

222 2319 410 2350 CXXXIX
433 2319 504 2350 lmb.
529 2319 558 2350 T
645 2330 658 2350 1
686 2321 839 2351 Novillus
862 2321 891 2351 T
947 2325 1067 2360 tegunt
1080 2322 1142 2360 PQ
1230 2332 1249 2351 2
1275 2326 1373 2361 potes
1390 2321 1507 2351 ΑΑΒΑ

184 2366 237 2401 (etr
252 2368 363 2402 potest
375 2363 419 2399 L)

222 2407 314 2437 CXL
339 2407 411 2436 lzab.
431 2405 464 2437 T.
510 2406 590 2436 Pos!
605 2406 767 2437 CXXXV
782 2409 930 2438 collocare
953 2408 1054 2439 voluit
1073 2407 1193 2438 Gslbcrl
1300 2407 1419 2438 cuculli
1438 2418 1501 2438 om.

181 2450 229 2481 CA
359 2460 378 2479 2
403 2460 446 2480 ex
469 2449 498 2480 T
581 2450 736 2481 callaicas
752 2451 806 2480 ΒΑ
