1684 2763
795 165 1263 203 EPIGRAMMATON
1298 167 1402 204 LIB.
1438 167 1495 204 XI

645 276 807 312 XXXII

161 353 244 389 Nec
274 359 364 401 toga
394 364 466 389 nec
496 352 608 388 focus
638 358 696 388 est
727 364 801 388 nec
832 350 943 388 tritus
974 349 1114 388 cimice
1145 352 1268 388 lectus

212 429 285 454 nec
316 416 385 454 tibi
415 417 466 454 de
496 415 634 454 bibula
664 423 766 453 sarta
798 416 943 465 palude
974 422 1092 464 tegeS,

160 494 232 519 ηρρ
260 494 357 531 puer
385 489 451 519 aut
481 480 621 528 senior,
655 482 762 519 nulla
791 488 849 518 est
879 480 1021 518 ancilla
1051 493 1125 518 nec
1155 479 1298 527 infans,

213 559 285 584 nec
314 560 399 584 sera
427 559 500 585 nec
530 545 649 584 clavis
679 560 752 584 nec
782 545 890 584 canis
919 553 1038 595 atque
1068 544 1177 583 calix.

160 620 199 649 tu
231 618 363 649 tamen
392 613 579 658 adfectas,
611 613 767 659 Nestor,
799 610 877 649 dici
907 618 1026 660 atque
1055 610 1177 648 videri
1474 627 1492 657 5

211 689 360 725 pauper
389 684 426 714 et
456 676 495 713 in
525 677 675 726 populo
705 675 859 726 quaeris
890 676 1036 714 habere
1065 677 1209 714 locum.

160 740 334 779 mentiris
363 754 546 791 vanoque
575 741 645 779 tibi
677 740 865 779 blandiris
900 742 1064 779 honore.

214 807 305 843 Non
336 814 393 844 est
424 814 644 856 paupertaS,
678 808 833 852 Nestor,
866 806 1010 844 habere
1042 805 1150 843 nihil.

626 906 812 942 XXXIII

161 979 324 1029 Saepius
354 981 403 1018 ad
434 982 605 1029 palmam
636 979 814 1029 prasinus
844 988 933 1030 post
963 980 1041 1017 fata
1072 979 1243 1018 Neronis

212 1044 389 1094 pervenit
419 1052 457 1083 et
486 1044 610 1083 victor
640 1045 813 1094 praemia
842 1046 952 1094 plura
982 1045 1107 1082 refert.

160 1109 167 1145 i
200 1123 316 1157 nunc,
348 1109 446 1148 livor
473 1111 583 1157 edax,
615 1110 679 1148 dic
709 1117 746 1148 te
776 1110 939 1148 cessisse
970 1108 1147 1147 Neroni:

213 1174 304 1213 vicit
332 1174 517 1212 nimirum
548 1188 629 1213 non
661 1176 780 1221 Nero,
813 1175 883 1213 sed
913 1173 1103 1224 prasinus.

630 1276 810 1312 XXXIV

161 1350 292 1387 Aedes
322 1349 417 1388 emit
448 1351 554 1400 Aper
583 1351 653 1388 Sed
683 1363 780 1400 quas
810 1363 884 1388 nec
914 1356 1059 1387 noctua
1089 1350 1205 1387 vellet

212 1427 297 1452 esse
327 1428 416 1452 suas
431 1429 441 1461 3
480 1416 581 1453 adeo
611 1414 720 1464 nigra
748 1422 940 1463 vetusque
970 1427 1060 1451 casa
1090 1421 1158 1451 est.

158 1478 307 1516 vicinos
337 1479 390 1516 illi
421 1479 569 1518 nitidus
600 1481 715 1517 Maro
745 1479 921 1528 possidet
951 1480 1097 1517 hortos.

213 1543 383 1582 Cenabit
412 1544 525 1591 belle,
557 1558 637 1583 non
667 1544 859 1583 habitabit
890 1546 1005 1594 Aper.

269 1719 431 1767 Ignotos
462 1717 557 1755 mihi
587 1731 677 1756 curn
707 1731 825 1756 voces
856 1725 1062 1764 trecent08‚

267 1796 386 1832 quare
415 1796 496 1821 non
526 1782 680 1821 veniam
711 1790 873 1821 vocatus
902 1784 953 1821 ad
984 1790 1021 1820 te

268 1847 416 1885 miraris
446 1847 698 1898 quererisque
727 1847 946 1898 litigasque.

269 1914 382 1951 Solus
411 1926 522 1956 ceno,
557 1913 730 1960 Fabulle,
763 1927 843 1952 non
874 1913 1053 1951 libenter.

630 2013 806 2049 XXXVI

161 2086 283 2124 Gaius
313 2088 414 2124 hanc
443 2089 571 2126 lucem
602 2101 759 2137 gemma
788 2087 884 2126 mihi
915 2087 1039 2126 Iulius
1068 2088 1158 2126 alba

215 2151 351 2201 signat,
382 2151 432 2199 io,
462 2152 562 2191 votis
591 2152 767 2191 redditus
796 2166 889 2191 ecce
918 2152 1042 2191 meis:

206 2253 343 2284 XXXII
369 2254 441 2285 hab.
463 2254 492 2284 T
572 2265 585 2285 1
606 2265 671 2286 om.
691 2256 747 2286 ΒΑ
764 2258 907 2296 <propler
920 2255 1142 2285 lzomoeoarclz.
1162 2255 1242 2295 nec)
1314 2254 1425 2285 cimile
1441 2254 1489 2285 CA

163 2310 181 2328 2
206 2303 302 2336 tegas
322 2297 351 2327 T
457 2308 476 2337 5
501 2304 618 2329 noster
640 2299 669 2329 T
896 2299 1048 2329 XXXIV
1071 2298 1146 2329 hab.
1170 2298 1200 2328 T
1296 2307 1309 2328 1
1338 2299 1446 2329 Sedes
1468 2297 1497 2327 T

161 2347 234 2381 ipro
251 2340 445 2381 (A>edes2)
585 2353 604 2372 2
628 2343 705 2372 ideo
724 2342 755 2372 T
881 2352 900 2380 3
926 2342 991 2372 illic
1014 2342 1183 2381 T(etf0rl.
1198 2341 1273 2381 ΛΑ)
1290 2353 1296 2372 :
1322 2341 1364 2372 illi
1384 2341 1490 2371 BACA

162 2385 286 2415 nitidos
309 2383 338 2414 T
352 2383 481 2423 (etsort.
498 2384 574 2424 ΑΛ)
591 2386 646 2416 ΒΑ
663 2397 670 2417 :
696 2386 823 2416 nitidus
844 2385 893 2415 CA
1046 2397 1064 2423 4
1089 2385 1255 2415 Caenauit
1279 2385 1308 2415 T
1322 2386 1355 2425 (i.
1370 2396 1392 2415 e.
1412 2384 1488 2423 -bit)

162 2428 325 2458 habitauit
348 2427 377 2457 T
390 2428 423 2467 (i.
438 2438 463 2458 e.
481 2428 556 2468 -bit)
820 2428 956 2458 XXXV
979 2438 998 2458 2
1023 2439 1041 2458 a
1059 2433 1091 2458 te
1107 2427 1182 2459 Ital.
