1684 2763
507 180 687 218 INDEX
728 181 1193 219 EPIGRAMMATON

252 290 327 320 Non
347 300 419 320 mea
438 290 608 329 Massylus
624 295 735 320 servat
752 291 902 330 pomaria
919 301 1063 330 serpens
1110 291 1152 329 X,
1172 303 1224 331 94.

253 333 330 363 Non
348 335 491 364 mendax
508 339 628 372 stupor
643 338 694 363 est
712 344 773 363 nec
791 334 928 372 fingitur
944 340 1015 365 arte
1034 335 1150 365 dolosa
1196 335 1287 374 XIV,
1308 346 1381 368 210.

251 377 327 406 Non
344 377 444 407 miror
460 378 548 416 quod
567 381 659 415 potat
674 387 793 416 aquam
810 382 867 408 tua
885 378 999 416 Bassa,
1021 378 1151 408 Catulle
1198 378 1255 418 VI,
1276 380 1327 417 69.

252 420 328 450 Non
348 421 457 450 omnis
472 421 589 450 laudes
607 420 817 459 pretiumque
834 426 949 451 aurata
967 426 1115 451 meretur
1162 421 1257 462 XIII,
1277 432 1329 461 90.

252 463 328 493 Non
348 464 456 493 omnis
473 463 577 494 nostri
595 468 759 493 nocturna
776 469 827 494 cst
843 464 966 503 pagina
981 465 1056 494 libri
1104 464 1164 506 XI,
1189 475 1236 503 17.

252 507 327 537 Non
346 517 408 546 per
424 507 564 546 mystica
580 517 675 537 sacra
694 507 926 546 Dindymenes
971 507 1064 548 VIII,
1086 508 1137 539 81.

253 550 330 580 Non
349 551 485 589 plenum
505 551 605 581 modo
623 550 726 581 vicies
744 551 893 581 habebas
940 550 964 589 Ι,
985 562 1037 589 99.

254 595 261 611 ‘
279 594 357 629 Non
371 604 509 632 possum
529 594 673 624 vetulam
688 596 697 624 2
712 593 719 607 '
744 595 886 634 quaeris,
908 594 1086 625 Matrinia:
1112 604 1249 634 possum
1298 594 1358 635 ΙΙΙ,
1379 605 1430 634 32.

252 637 329 667 Non
348 643 467 676 potare
485 638 596 667 nivem
614 638 672 667 sed
690 648 809 676 aquam
828 643 945 676 potare
964 643 1134 668 recentem
1182 639 1272 677 XIV,
1296 649 1364 677 117.

253 681 329 711 Non
348 691 593 720 quemcumque
611 680 720 711 focum
738 692 800 711 nec
817 681 940 711 fumum
959 691 1077 712 caseus
1091 693 1223 713 omnem
1271 682 1368 722 XIII,
1386 693 1436 721 32.

253 724 331 754 Non
350 725 442 754 rudis
459 725 594 755 indocta
612 725 689 755 fecit
708 735 759 754 me
777 725 860 754 falce
878 725 1022 755 colonus
1066 725 1124 766 VI,
1146 736 1196 764 73.

254 768 331 798 Non
349 768 430 797 satis
448 774 499 798 est
515 779 569 798 ars
586 768 657 797 sola
674 778 755 798 coco
773 780 779 798 :
803 768 932 798 servire
951 768 1097 807 palatum
1145 769 1237 807 XIV,
1258 780 1331 801 220.

253 812 329 842 Non
347 812 410 841 sibi
427 813 486 841 scd
505 812 641 841 domino
658 817 800 842 venatur
816 816 992 850 vertragus
1008 822 1086 842 acer
1131 812 1222 852 XIV,
1243 824 1316 844 200.

253 855 330 885 Non
349 855 443 884 silice
461 856 544 885 duro
563 855 748 885 structilive
767 860 943 885 caemento
992 855 1052 894 IX,
1074 866 1124 894 75.

254 898 331 929 Non
349 899 410 928 sim
428 899 571 928 talorum
590 908 731 928 numero
748 909 809 938 par
824 903 966 938 tessera,
987 899 1064 928 dum
1083 900 1126 929 sit
1173 899 1264 937 XIV,
1289 909 1335 939 15.

254 942 331 972 Non
351 952 423 971 sum
442 942 550 981 crispa
568 942 702 980 quidem
721 953 782 972 nec
798 942 903 972 silvae
920 943 987 972 filia
1004 942 1140 974 Maurae
1187 942 1278 983 XIV,
1298 954 1351 983 90.

253 986 330 1015 Non
348 995 419 1015 sum
438 987 479 1015 de
498 985 604 1024 fragili
622 986 755 1016 dolatus
772 986 861 1016 ulmo
908 985 966 1025 VI,
986 996 1038 1024 49.

254 1030 331 1059 Non
350 1039 421 1059 sum
441 1030 481 1059 de
499 1030 620 1068 primo,
640 1029 757 1068 fateor,
778 1029 925 1059 trifolina
943 1029 1058 1067 Lyaeo
1105 1028 1202 1069 XIII,
1226 1040 1294 1068 114.

253 1073 328 1103 Non
348 1078 477 1103 tantum
495 1073 629 1102 calamis
645 1073 705 1102 sed
723 1078 821 1103 cantu
838 1072 962 1102 fallitur
978 1073 1048 1103 ales
1095 1072 1187 1110 XIV,
1205 1075 1278 1103 216.

255 1117 332 1146 Non
350 1121 480 1146 tantum
500 1116 590 1154 pullo
608 1116 763 1154 lugentes
781 1115 906 1146 vellere
924 1116 1016 1146 lanas
1063 1115 1156 1155 XIV⁷
1180 1126 1249 1155 157.

254 1159 331 1189 Non
349 1160 407 1189 tibi
425 1164 457 1189 te
476 1159 613 1197 Libycis
630 1159 768 1188 tubures
785 1164 818 1189 et
835 1160 978 1198 apyrina
995 1160 1096 1189 ramis
1142 1159 1238 1197 XIII,
1257 1171 1308 1198 42.

253 1203 331 1233 Non
348 1208 398 1234 tot
415 1203 449 1232 in
470 1202 548 1232 Eois
563 1202 672 1232 timuit
690 1202 896 1241 Gangeticus
913 1202 1001 1232 arvis
1047 1201 1140 1242 VIII,
1161 1205 1212 1234 26.
1279 1206 1286 1210 ”

254 1246 332 1276 Non
350 1251 453 1277 totam
471 1245 563 1282 mihi,
581 1245 608 1275 si
625 1246 769 1279 vacabis,
787 1246 905 1275 horam
950 1246 989 1285 V,
1010 1246 1062 1276 80.

253 1290 330 1320 Non
348 1290 475 1319 urbana
489 1299 562 1318 mea
578 1294 705 1319 tantum
724 1289 912 1328 Pimpleidc
930 1290 1078 1328 gaudent
1124 1289 1185 1328 XI,
1206 1299 1234 1327 3.

253 1334 331 1363 Non
349 1333 399 1364 vis
415 1333 448 1362 in
465 1333 549 1363 solio
566 1332 659 1370 prius
676 1333 777 1362 lavari
824 1331 867 1371 ΙΙ,
889 1343 938 1370 7ο.

254 1377 410 1406 Nondum
427 1376 547 1414 legerit
563 1376 626 1406 hos
644 1376 721 1406 licet
735 1376 846 1415 puella
890 1375 982 1415 XIV,
1002 1377 1031 1407 8.

253 1420 410 1450 Nondum
429 1419 554 1449 murice
570 1420 678 1450 cultus
694 1429 884 1458 asperoque
929 1419 1023 1458 VIII,
1045 1429 1094 1458 72.

254 1464 375 1494 Norica
393 1469 458 1494 tam
476 1468 567 1493 certo
585 1463 750 1492 venabula
768 1463 883 1501 dirigit
900 1463 967 1493 ictu
1013 1463 1073 1504 Ep.
1097 1462 1179 1501 ⁴23)

255 1508 326 1537 Nos
342 1507 470 1545 alicam,
490 1507 615 1545 poterit
634 1507 776 1536 mulsum
794 1506 854 1536 tibi
870 1507 1003 1536 mittere
1020 1507 1114 1536 dives
1159 1506 1258 1545 XIII,
1275 1507 1304 1537 6.

254 1551 327 1581 Nos
342 1551 484 1580 bibimus
500 1550 606 1589 vitro,t
616 1554 651 1579 tu
670 1560 789 1588 murra,
811 1549 961 1580 Pontice.
1011 1550 1146 1588 Quare?
1195 1549 1250 1589 IV,
1270 1551 1321 1588 85.

253 1595 325 1624 Nos
344 1594 630 1624 Lacedaemoniae
647 1598 762 1632 pastor
778 1593 916 1624 donavit
932 1594 1058 1623 amicae
1104 1592 1197 1629 XIV,
1215 1594 1285 1631 156.

255 1638 327 1668 Nos
345 1637 469 1676 Satyri,
490 1647 553 1667 nos
572 1637 724 1666 Bacchus
740 1643 840 1675 amat,
858 1647 920 1667 nos
937 1637 1031 1667 ebria
1045 1637 1145 1675 tigris
1190 1636 1281 1676 XIV,
1305 1646 1374 1674 107.

255 1682 326 1711 Nos
344 1691 456 1711 sumus
474 1680 609 1710 audacis
626 1680 757 1719 plebeia
774 1685 961 1710 toreumata
977 1680 1055 1710 vitri
1102 1679 1195 1717 XIV,
1210 1690 1263 1718 94.

255 1726 383 1755 Nosses
400 1725 534 1754 iocosae
552 1724 649 1754 dulce
669 1734 742 1753 cum
759 1733 888 1754 sacrum
909 1724 1028 1754 Florae
1075 1723 1100 1762 I,
1116 1723 1219 1762 praef.
1244 1724 1281 1752 18
1299 1733 1365 1762 sqq.

255 1768 352 1798 Nosti
370 1768 579 1798 mortiferum
597 1768 795 1806 quaestoris,
816 1767 975 1806 castrice,
995 1768 1151 1806 signum?
1198 1766 1274 1805 VII,
1292 1776 1344 1805 37.

255 1812 353 1842 Nosti
371 1813 398 1841 si
416 1812 503 1841 bene
520 1811 686 1850 Caesium,
706 1811 818 1840 libelle
863 1810 940 1849 VII,
954 1821 1006 1849 97.

255 1855 389 1885 Nostris
404 1855 559 1885 versibus
577 1864 651 1884 esse
668 1860 701 1884 te
719 1860 854 1893 poetam
900 1853 924 1893 Ι,
946 1865 996 1893 72.

255 1900 354 1937 Note,
375 1899 451 1929 licet
469 1898 566 1937 nolis,
586 1898 718 1928 sublimi
737 1904 874 1936 pectore
892 1903 985 1928 vates
1032 1897 1092 1935 IX,
1111 1897 1180 1927 init.

256 1943 360 1972 Novit
378 1942 507 1972 loturos
526 1942 646 1971 Dasius
664 1951 841 1971 numerare
857 1953 863 1971 z
889 1942 1044 1980 poposcit
1090 1940 1133 1980 ΙΙ,
1152 1951 1203 1979 52.

256 1987 390 2016 Nubere
409 1986 511 2015 Paula
527 1986 620 2024 cupit
639 1986 746 2025 nobis,
767 1995 830 2024 ego
850 1986 972 2015 ducere
990 1985 1124 2014 Paulam
1173 1984 1216 2019 X,
1234 1984 1263 2015 8.

258 2030 393 2059 Nubere
411 2029 481 2059 Sila
502 2029 581 2058 mihi
599 2029 689 2058 nulla
708 2039 776 2058 non
793 2028 870 2067 lege
887 2033 1002 2067 parata
1018 2032 1069 2058 est
1115 2027 1175 2067 XI,
1197 2038 1246 2065 23.

258 2073 393 2102 Nubere
409 2073 461 2102 vis
478 2073 593 2102 Prisco
611 2084 617 2102 :
641 2082 710 2102 non
728 2072 842 2111 miror,
864 2072 966 2102 Paula
985 2082 992 2110 3
1016 2071 1135 2110 sapisti
1182 2070 1242 2109 IX,
1264 2080 1312 2101 10.

258 2116 358 2146 Nudo
375 2116 523 2154 stragula
541 2126 583 2145 ne
601 2120 675 2145 toro
693 2120 849 2154 paterent
895 2115 986 2151 XIV,
1010 2116 1080 2152 148.

258 2160 359 2189 Nulla
375 2165 425 2189 est
442 2160 524 2189 hora
540 2159 598 2189 tibi
616 2170 681 2198 qua
699 2170 766 2189 non
784 2169 851 2196 me,
870 2159 992 2197 Phylli,
1014 2159 1182 2188 furentem
1230 2157 1292 2197 XI,
1314 2167 1364 2196 49.

258 2203 357 2233 Nulla
373 2202 530 2233 remisisti
547 2213 649 2240 parvo
667 2213 727 2241 pro
746 2213 886 2232 munere
903 2203 992 2232 dona
1039 2201 1096 2239 IV,
1115 2203 1168 2232 88.

258 2246 348 2276 Nulli
365 2256 516 2283 munera,
534 2246 688 2284 Chreste,
707 2246 735 2275 si
754 2245 899 2276 remittis
942 2245 1018 2284 VII,
1038 2254 1090 2283 55.

258 2289 359 2328 Nulli,
379 2289 474 2326 Thai,
493 2299 608 2327 negas,
626 2290 687 2319 sed
704 2289 731 2319 si
749 2294 781 2319 te
800 2300 866 2319 non
884 2289 990 2328 pudet
1004 2288 1095 2319 istud
1141 2287 1198 2327 IV,
1220 2297 1269 2318 12.

257 2333 379 2364 Nullos
395 2343 471 2363 esse
488 2333 582 2370 deos,
599 2332 699 2362 inane
715 2333 844 2362 caelum
891 2331 947 2370 IV,
967 2342 1017 2363 21.

258 2377 378 2407 Nullus
394 2377 427 2406 in
445 2377 526 2406 urbe
543 2376 604 2405 fuit
620 2381 689 2406 tota
705 2377 762 2414 qui
780 2380 920 2414 tangere
936 2375 1038 2405 vellet
1083 2374 1109 2410 I,
1129 2384 1178 2413 73.

260 2421 393 2451 Nummi
412 2430 485 2450 cum
502 2420 561 2449 tibi
578 2420 646 2449 sint
663 2429 813 2458 opesque
830 2423 942 2449 tantae
987 2418 1066 2448 XII.
1085 2428 1136 2456 53.

260 2465 356 2494 Nunc
373 2464 506 2503 hilares,
526 2463 704 2502 siquando
723 2462 816 2503 mihi,
836 2472 925 2492 nunc
942 2462 1058 2501 ludite,
1079 2461 1195 2491 Musae
1242 2459 1317 2499 VII,
1335 2460 1366 2490 8.
