1684 2763
784 147 1042 186 EPIGRAM
1051 150 1252 188 MATON
1288 151 1389 187 LIB.
1428 152 1480 187 IX

158 257 246 293 Non
278 257 401 294 solani
433 256 565 294 tribuit
597 257 724 294 Pallas
755 256 836 303 tibi,
870 258 981 304 Care,
1013 271 1230 305 coronamg
1468 277 1483 306 5

209 320 374 370 effigiem
406 321 569 367 domini,
602 334 720 371 quam
752 321 859 368 colis,
893 321 956 360 illa
986 322 1105 360 dedit.

655 404 771 441 XXV

156 469 327 505 Dantem
359 467 447 505 vina
478 475 588 506 tuurn
619 467 801 517 quotiens
831 468 1054 518 aspeximus
1088 471 1263 518 Hyllum,

208 532 355 571 lumine
386 546 469 579 nos⁷
502 534 605 579 Afer,
639 532 854 572 turbidiore
885 541 1008 572 notas,

154 596 272 644 quod,
306 608 411 644 rogo,
444 596 551 644 quod
582 597 709 633 scelus
739 602 797 633 est
828 597 986 634 mollem
1018 605 1193 646 spectare
1225 597 1474 635 ministrum?

207 660 418 710 aspicimus
448 661 581 707 solem,
616 660 752 707 sidera,
785 662 941 710 templa,
975 662 1081 700 deos.

153 733 324 763 avertam
355 727 493 771 vultus,
527 733 729 775 tamquam
760 725 855 763 mihi
888 727 1030 776 pocula
1065 729 1224 776 Gorgon
1471 743 1487 774 5

208 791 376 840 porrigat
405 798 523 840 atque
554 792 690 829 oculos
721 804 871 840 oraque
900 798 1033 829 nostra
1063 795 1200 842 petat?

155 863 238 892 trux
268 863 347 893 erat
379 855 549 902 Alcides,
582 863 618 893 et
651 857 784 905 Hylan
814 863 990 906 spectare
1019 857 1186 904 licebat;

208 921 341 958 ludere
374 920 572 959 Mercurio
603 934 692 958 cum
725 921 958 970 Ganymede
988 920 1087 959 licet.

155 984 193 1022 Si
224 998 304 1023 non
334 985 390 1022 vis
420 993 576 1023 teneros
606 992 757 1034 spectet
787 985 952 1024 conviva
982 985 1190 1032 ministros,

209 1049 378 1087 Phineas
408 1049 558 1095 invites,
591 1051 693 1097 Afer,
727 1056 764 1088 et
794 1049 1036 1100 Oedipodas.
1450 1069 1488 1090 10

648 1138 786 1175 XXVI

156 1203 287 1240 Audet
318 1203 490 1240 facundo
521 1202 587 1252 qui
619 1202 792 1240 carmina
822 1202 974 1241 mittere
1006 1204 1190 1249 Nervae,v

208 1268 352 1318 pallida
381 1268 546 1307 donabit
576 1268 768 1318 glaucum,
800 1269 959 1315 Cosme,
991 1269 1071 1315 tibi,

155 1335 348 1372 Paestano
378 1333 499 1372 violas
530 1341 568 1372 et
598 1347 696 1372 cana
724 1334 883 1384 ligustra
913 1335 1068 1380 colono,

209 1398 401 1447 Hyblaeis
431 1398 571 1449 apibus
603 1398 764 1438 Corsica
795 1400 911 1437 mella
940 1399 1073 1437 dabit:

154 1464 224 1501 sed
253 1470 385 1501 tamen
416 1470 453 1501 et
483 1476 624 1513 parvae
654 1464 846 1501 nonnulla
875 1471 932 1501 est
961 1463 1082 1512 gratia
1114 1465 1279 1511 Musae;
1469 1483 1485 1512 5

207 1528 403 1577 appetitur
433 1527 562 1578 posito
593 1527 678 1566 vilis
708 1527 811 1566 oliva
841 1529 944 1577 lupo.

154 1606 227 1631 nec
257 1593 327 1631 tibi
357 1593 405 1631 sit
436 1593 575 1631 mirum
607 1592 753 1631 modici
784 1594 892 1642 quod
922 1593 1079 1632 conscia
1110 1594 1206 1632 vatis

207 1658 397 1696 iudicium
428 1657 566 1696 metuit
596 1665 729 1696 nostra
758 1658 899 1696 Thalia
927 1666 1065 1696 tuum:

154 1723 237 1773 ipse
267 1731 351 1761 tuas
382 1722 499 1761 etiam
530 1722 674 1761 veritus
704 1724 812 1761 Nero
841 1723 983 1762 dicitur
1012 1737 1135 1769 aures,

208 1788 394 1826 lascivum
426 1786 575 1825 iuvenis
605 1800 696 1826 cum
726 1787 797 1826 tibi
827 1787 916 1826 lusit
946 1801 1055 1838 opus.
1449 1805 1488 1826 10

632 1876 794 1913 XXVII

156 1942 256 1980 Cum
288 1940 492 1991 depilat05‚
526 1941 703 1988 Chreste‚
735 1942 867 1980 coleos
898 1949 1029 1991 portes

155 2012 192 2043 et
221 2005 418 2043 vulturino
449 2006 666 2044 mentulam
694 2018 829 2055 parem
859 2007 962 2044 00110

198 2109 297 2139 XXV
321 2110 393 2140 hab.
413 2109 441 2139 T
508 2119 521 2138 1
541 2108 828 2148 conspeximusP
882 2119 901 2148 3
919 2120 984 2148 quo
996 2109 1076 2140 r.T:
1098 2109 1190 2148 quir.
1204 2109 1232 2139 L
1294 2111 1315 2140 6
1331 2120 1389 2140 ora
1404 2110 1483 2149 (om.

155 2154 233 2192 que)
258 2151 287 2182 T
341 2157 434 2192 petat
450 2152 563 2183 AACA
579 2164 586 2182 ι
609 2157 721 2191 tegam
738 2152 794 2182 BA
813 2153 874 2191 (—at
892 2153 919 2183 L
938 2156 1012 2183 ante
1027 2156 1122 2194 corr.)
1204 2163 1220 2191 7
1245 2153 1352 2184 alcide
1370 2158 1421 2184 set
1437 2153 1485 2183 CA

156 2199 193 2225 ut
204 2195 267 2226 vid.
282 2195 346 2235 (ιζε.
362 2196 489 2227 alcides
503 2196 553 2235 et)
567 2196 685 2235 (alcide
698 2196 758 2226 sed
771 2194 814 2233 X,
831 2196 956 2226 alcides
970 2201 1022 2226 set
1033 2196 1079 2237 E)
1168 2207 1189 2236 9
1212 2207 1315 2228 neros
1331 2202 1486 2236 spectant

155 2238 310 2269 conuiuia
330 2238 359 2268 T
424 2248 462 2269 10
479 2239 529 2279 et]
545 2239 616 2270 tCA
750 2239 865 2269 XXVI
884 2250 933 2270 vv.
951 2249 1021 2279 1-4,
1037 2250 1120 2278 7—10
1136 2240 1208 2270 hab.
1229 2240 1259 2270 T
1321 2250 1339 2269 2
1364 2241 1486 2279 pallida

155 2282 214 2311 ΑΛ
231 2294 237 2312 :
261 2281 361 2321 pallia
377 2282 430 2311 ΒΑ
446 2293 453 2312 ε
478 2282 577 2320 pallio
596 2281 646 2312 CA
705 2283 846 2313 donauit
864 2282 914 2313 CA
933 2283 998 2323 (tle.
1019 2283 1095 2323 -bit)
1209 2293 1228 2322 3
1256 2283 1419 2314 Prestano
1438 2283 1486 2314 CA

156 2335 174 2363 5
200 2325 383 2356 nonnullae
401 2326 428 2355 si
447 2325 496 2355 CA
542 2335 638 2356 musa
651 2325 744 2365 (EA)
762 2327 812 2356 vel
825 2337 940 2356 musae
959 2326 1008 2357 CA
1096 2327 1117 2355 6
1142 2326 1227 2365 uigis
1240 2326 1288 2357 CA
1301 2331 1374 2367 <pro
1390 2327 1486 2361 υἱῆες

157 2370 242 2408 ipro
260 2368 308 2408 1³)
442 2377 459 2405 7
483 2369 616 2399 modico
632 2393 639 2400 .
659 2392 666 2400 .
680 2393 688 2400 .
708 2369 775 2400 uati
798 2369 855 2400 BA
985 2371 1006 2400 8
1030 2370 1147 2400 metuit
1162 2369 1223 2400 ΑΑ
1240 2381 1246 2400 :
1271 2374 1395 2400 metuat
1409 2369 1462 2399 ΒΑ
1480 2381 1485 2398 ;

158 2411 278 2442 meruit
297 2410 346 2442 CA
458 2421 497 2442 10
519 2412 663 2443 lasciuus
682 2411 732 2442 CA
906 2412 1039 2444 XXVII
1068 2423 1082 2442 1
1109 2416 1202 2443 crete
1220 2412 1268 2444 CA
1284 2416 1320 2443 ut
1334 2412 1396 2443 vid.
1418 2413 1489 2454 <scd

155 2465 189 2484 an
209 2455 318 2485 [emm.
339 2464 386 2485 Αι)
402 2456 574 2494 CRESTvm)
664 2465 683 2485 2
707 2455 856 2486 mentula
874 2454 973 2498 (EA)
991 2456 1040 2487 vel
1053 2456 1134 2486 -lam
1154 2455 1203 2487 CA
