1684 2763
259 148 313 183 M.
347 147 414 183 VA
422 147 465 184 L.
497 147 808 184 MARTIALIS

257 255 369 297 Haec
398 254 513 305 igitur
540 269 710 305 nequam
740 256 899 295 iuvenes
928 257 1139 307 facilesque
1168 260 1331 308 puellae,
1554 276 1570 306 5

308 321 403 358 haec
432 320 571 367 senior,
602 322 671 358 sed
701 333 819 369 quem
849 329 1002 371 torquet
1031 322 1166 369 amica,
1198 325 1308 373 legat.

254 392 291 422 at
321 392 396 430 tua,
429 385 611 432 Cosconi,
643 387 944 436 venerandaque
972 394 1185 437 sanctaque
1214 389 1331 426 verba

307 463 328 486 a
357 449 485 498 pueris
514 450 661 488 debent
689 449 981 500 virginibusque
1009 451 1093 501 legi.

750 550 860 586 LXX

256 624 449 661 Moechus
479 636 519 660 es
548 622 741 669 Aufidiae,
773 622 839 672 qui
868 623 934 669 vir,
966 624 1165 670 Scaevine,
1196 624 1325 665 fuisti:

306 686 433 725 rivalis
463 688 585 725 fuerat
614 687 680 736 qui
710 694 809 733 tuus,
842 687 905 725 ille
934 687 990 724 vir
1019 695 1086 725 est.

255 753 334 789 (Yur
361 751 487 789 aliena
516 753 642 801 placet
671 751 751 798 tibi,
783 765 883 801 quae
913 758 978 790 tua
1007 766 1086 791 non
1116 754 1252 801 placet,
1285 755 1410 790 uxor?

307 815 499 865 numquid
529 829 686 854 securus
715 830 795 854 non
825 825 936 866 potes
964 817 1158 867 arrigere?

733 916 865 952 LXXI

255 990 433 1027 Mentula
461 1003 551 1028 cum
581 991 712 1028 doleat
740 1004 873 1040 puero,
903 990 984 1038 tibi,
1016 992 1202 1037 Naevole‚
1233 993 1354 1033 culus,

307 1067 385 1091 non
415 1067 500 1092 sum
531 1054 697 1101 divinus,
728 1056 798 1093 sed
826 1055 907 1093 scio
937 1055 1031 1105 quid
1062 1055 1188 1093 facias.

723 1154 879 1190 LXXII

256 1228 323 1265 Vis
352 1227 450 1265 futui
481 1241 552 1266 nec
582 1227 637 1265 vis
668 1242 833 1274 mecum,
866 1228 1032 1275 Saufeia,
1063 1229 1188 1266 lavari.

308 1292 439 1330 nescio
469 1293 577 1342 quod
606 1306 791 1342 magnum
821 1292 996 1342 suspicor
1025 1306 1109 1330 esse
1138 1294 1255 1330 nefas.

253 1365 317 1395 aut
347 1356 417 1395 tibi
447 1370 646 1407 pannosae
675 1358 902 1406 dependent
931 1364 1088 1407 pectore
1118 1371 1312 1395 mammae

305 1429 371 1459 aut
401 1423 530 1460 sulcos
560 1421 657 1460 uteri
686 1423 851 1472 prodere
881 1423 987 1460 nuda
1017 1421 1130 1460 times

253 1493 317 1523 aut
347 1485 500 1523 infinito
528 1488 698 1524 lacerum
728 1493 833 1535 patet
862 1485 1005 1536 inguen
1035 1485 1141 1523 hiatu
1551 1502 1568 1532 ,ς

305 1557 371 1588 aut
400 1549 548 1599 aliquid
578 1549 697 1588 cunni
727 1550 921 1600 prominet
951 1564 1016 1588 ore
1046 1550 1111 1588 tui.

254 1616 330 1653 Sed
360 1614 455 1652 nibil
486 1622 543 1653 est
572 1616 723 1661 horum,
754 1616 883 1662 credo,
915 1614 1175 1664 pulcherrima
1204 1616 1309 1653 nuda
1339 1628 1389 1653 65.

307 1678 336 1715 5ἰ
367 1692 499 1717 verum
529 1687 597 1725 est,
628 1678 763 1717 vitium
794 1679 904 1729 peius
934 1681 1078 1718 habes:
1116 1681 1220 1717 fatua
1250 1693 1300 1717 65.

716 1777 895 1814 LXXIII

365 1851 519 1889 Dormis
548 1864 637 1888 cum
668 1850 794 1900 pueris
824 1851 1060 1897 mutuniatis‚

359 1923 397 1953 et
426 1928 506 1953 non
536 1922 610 1953 stat
640 1914 720 1961 tibi,
752 1916 873 1961 Galle,
906 1916 1014 1964 quod
1043 1923 1117 1953 stat
1147 1915 1229 1952 illis.

360 1979 455 2029 quid
484 1979 540 2017 vis
570 1993 642 2025 me,
675 1992 779 2028 rogo,
812 1980 982 2026 Phoebe,
1015 1979 1232 2028 suspicari?

360 2045 517 2082 mollem
547 2045 704 2083 credere
733 2051 770 2082 te
798 2043 921 2082 virum
950 2044 1142 2089 volebam,

360 2109 429 2146 sed
458 2122 588 2146 rumor
617 2116 731 2158 negat
760 2122 844 2147 esse
873 2116 910 2147 te
939 2108 1157 2147 cinaedum.

298 2211 394 2241 LXX
417 2210 489 2241 hab.
504 2210 536 2240 R
718 2210 830 2241 LXXI
856 2211 928 2241 hab.
948 2210 978 2240 T
1030 2220 1049 2240 2
1070 2210 1130 2240 sed
1141 2209 1274 2240 AABA:
1289 2210 1317 2240 si
1331 2210 1377 2239 CA
1422 2210 1528 2241 facitis
1546 2210 1574 2240 Τ

299 2254 428 2284 LXXII
454 2254 526 2284 hab.
551 2254 579 2284 T
731 2263 743 2284 1
771 2254 881 2293 subigi
900 2254 959 2282 ΑΛ
979 2255 1051 2294 (pro
1069 2253 1166 2289 futui)
1321 2263 1340 2282 2
1364 2253 1443 2291 quid
1459 2253 1570 2284 ΑΑΟΑ

255 2308 411 2336 magnum
429 2296 543 2326 AABA
559 2309 565 2327 :
589 2297 694 2327 maius
708 2297 753 2327 CA
863 2307 882 2335 3
908 2296 1101 2336 dependent
1118 2301 1255 2335 pectore
1266 2295 1376 2326 AACA
1391 2308 1397 2326 z
1422 2298 1569 2335 pendent

253 2352 272 2371 a
291 2345 426 2379 pectore
444 2340 497 2370 ΒΑ
584 2350 603 2379 5
629 2340 771 2371 laterum
789 2340 841 2370 ΒΑ
922 2341 943 2369 6
966 2340 1105 2369 monstri
1121 2339 1181 2368 AA
1199 2344 1281 2378 (pro
1295 2339 1410 2370 cunni)
1427 2350 1434 2368 ε
1458 2340 1566 2379 cynici

257 2383 358 2415 RACA
895 2382 1044 2414 LXXIII
1071 2393 1089 2414 2
1115 2381 1250 2413 Phoebe
1267 2382 1341 2413 BA:
1366 2382 1462 2414 Galle
1481 2382 1527 2414 CA
