1684 2763
252 125 307 161 M.
340 125 461 161 VAL.
494 125 806 163 MARTIALIS

358 243 394 273 et
424 236 545 273 fetum
577 238 762 285 querulae
792 238 929 275 rudem
961 239 1134 286 capellae

358 313 430 337 nec
460 299 535 337 iarn
566 300 771 349 frigoribus
800 314 911 350 pares
940 301 1061 339 olivas

358 373 395 402 et
425 378 567 402 canum
597 365 734 415 gelidis
764 367 878 403 holus
908 366 1056 415 pruinis

359 430 407 467 de
437 438 571 467 nostro
601 429 670 467 tibi
701 430 818 468 missa
846 444 932 468 rure
961 431 1116 469 credis?

358 507 381 531 o
411 507 540 543 quarn,
575 496 738 544 Regule,
767 495 970 544 diligenter
999 499 1126 533 erras!

358 559 411 595 nil
441 558 574 604 nostri,
606 559 679 596 nisi
710 573 786 606 me,
816 561 943 597 ferunt
972 560 1096 609 agelli.

357 622 551 671 quidquid
581 622 715 660 vilicus
746 624 895 660 Vmber
923 631 989 660 aut
1020 625 1184 661 colonus

356 695 422 724 aut
452 701 515 725 rus
545 701 736 725 marmore
765 687 878 725 tertio
910 695 1088 726 notatum
1537 707 1574 729 10

356 759 421 789 aut
451 752 570 790 Tusci
601 751 671 790 tibi
700 752 911 790 Tusculive
942 752 1110 800 mittunt,

357 815 394 853 id
427 824 508 854 tota
539 815 633 853 mihi
665 815 837 854 nascitur
867 816 1030 854 Subura.

722 891 884 928 XXXII

249 953 390 1001 Attice,
422 955 615 992 facundae
644 968 807 992 renovas
838 955 903 1004 qui
934 955 1096 992 nomina
1124 955 1249 1004 gentis

302 1032 375 1057 nee
405 1019 498 1057 sinis
528 1019 726 1068 ingentem
755 1019 991 1058 conticuisse
1020 1021 1196 1066 domum,

249 1094 285 1121 te
316 1083 379 1133 pia
408 1084 623 1134 Cecropiae
653 1084 861 1122 comitatur
890 1085 1003 1123 turba
1034 1084 1250 1132 Minervae,

302 1156 339 1186 te
369 1156 517 1186 secreta
546 1148 666 1197 quies,
700 1156 737 1186 te
767 1150 913 1198 sophos
943 1149 1072 1187 omnis
1101 1158 1216 1187 amat.

247 1222 285 1251 at
315 1214 474 1251 iuvenes
503 1213 600 1251 alios
630 1215 750 1251 fracta
778 1213 871 1251 colit
900 1227 991 1252 aure
1022 1214 1203 1263 magister
1556 1232 1572 1261 ,ς

302 1286 338 1316 et
368 1278 465 1328 rapit
495 1278 693 1316 inmeritas
722 1278 902 1316 sordidus
932 1286 1071 1316 unctor
1100 1292 1205 1328 opes.

249 1356 328 1380 non
358 1343 449 1392 pila,
479 1356 558 1380 non
588 1342 701 1389 follis,
734 1356 814 1380 non
845 1350 882 1380 te
911 1343 1100 1392 paganica
1130 1343 1289 1381 thermis

301 1415 502 1456 praeparat
530 1415 597 1445 aut
627 1406 723 1445 nudi
753 1406 893 1456 stipitis
923 1407 1022 1445 ictus
1053 1408 1186 1454 hebes,

247 1486 336 1510 vara
365 1486 438 1510 nec
468 1472 507 1509 in
538 1474 644 1510 lento
675 1481 872 1511 ceromate
902 1472 1086 1510 bracchia
1114 1473 1254 1520 tendis,

300 1550 379 1575 non
410 1538 591 1586 harpasta
620 1551 738 1586 vagus
767 1538 1038 1586 pulverulenta
1066 1537 1177 1587 rapis,
1537 1554 1575 1576 10

246 1602 315 1640 sed
345 1601 464 1640 curris
493 1601 625 1640 niveas
655 1609 807 1640 tantum
837 1615 959 1652 prope
990 1601 1158 1651 Virginis
1189 1603 1313 1640 undas

299 1674 365 1705 aut
396 1666 462 1705 ubi
493 1666 656 1704 Sidonio
686 1675 818 1705 taurus
847 1680 980 1705 amore
1010 1669 1119 1705 calet.

251 1734 320 1770 Per
348 1731 471 1769 varias
500 1739 611 1777 artes,
644 1732 772 1769 omnis
802 1731 945 1780 quibus
975 1745 1063 1769 area
1093 1731 1218 1777 servit,

300 1798 448 1844 ludere,
476 1809 567 1834 eum
597 1795 711 1834 liceat
740 1810 901 1842 currere,
933 1795 1086 1845 pigritia
1115 1804 1184 1834 est.

706 1874 891 1910 XXXIII

247 1937 449 1975 Sordidior
477 1950 601 1975 caeno
631 1951 721 1975 cum
752 1937 800 1975 sit
830 1945 933 1986 toga,
962 1939 1116 1975 calceus
1145 1946 1276 1975 autem

299 2001 504 2039 candidior
532 2002 656 2051 prirna
685 2001 732 2039 sit
762 2002 846 2048 tibi,
875 2001 1017 2049 Cinna,
1047 2001 1160 2040 nive:

1557 386 1575 416 υι

290 2098 406 2128 XXXI
434 2107 453 2136 3
478 2099 589 2128 rodem
607 2098 662 2127 BA
741 2110 759 2136 4
784 2109 883 2138 paras
901 2098 948 2128 CA
1038 2100 1058 2128 6
1082 2099 1277 2128 demonstro
1300 2098 1328 2128 T
1378 2099 1478 2129 missa
1495 2109 1571 2129 rure

246 2142 318 2171 AA:
344 2151 420 2172 rure
438 2142 538 2171 missa
555 2142 659 2171 BACA
784 2153 805 2181 9
828 2142 976 2173 Calenus
993 2141 1152 2172 Heinsius
1269 2152 1307 2172 ιο
1326 2146 1399 2181 pos!
1418 2152 1443 2172 υ.
1468 2152 1501 2172 11
1523 2142 1571 2172 CA

246 2185 354 2224 gprt'us
363 2196 427 2214 ont.
440 2185 813 2225 propterhomoeoarzh.)
874 2190 1022 2216 natatum
1035 2189 1071 2215 ut
1082 2185 1144 2216 vid.
1161 2183 1211 2215 CA
1280 2195 1319 2214 12
1337 2184 1369 2214 In
1384 2185 1438 2214 ΒΑ
1450 2197 1458 2215 .·
1478 2185 1509 2215 id
1523 2185 1571 2215 CA

286 2261 423 2291 XXXII
453 2271 465 2291 1
493 2268 632 2292 renouat
650 2262 698 2292 CA
816 2272 835 2301 3
860 2262 1043 2292 mineruam
1061 2261 1116 2291 BA
1240 2273 1258 2300 4
1284 2236 1369 2300 phch)
1387 2261 1434 2291 CA
1454 2265 1490 2291 ut
1504 2261 1567 2292 vid.

244 2305 344 2343 (phos
362 2305 400 2344 E,
415 2305 543 2344 phosus
560 2304 602 2345 X,
622 2306 749 2345 sophos
765 2305 810 2343 A,
829 2306 951 2336 chorus
970 2305 1009 2345 C)
1114 2314 1136 2343 5,
1157 2305 1206 2345 at]
1226 2316 1244 2335 a
1263 2305 1311 2334 CA
1400 2315 1421 2344 9
1445 2304 1570 2335 inlecto

244 2349 291 2377 (TA
373 2359 506 2380 cerome
523 2348 576 2377 BA
712 2359 750 2379 10
775 2349 860 2388 lapis
876 2348 931 2378 BA
1066 2358 1103 2388 13
1132 2348 1236 2379 servet
1254 2348 1399 2388 Rulgers

287 2392 442 2422 XXXIII
467 2391 541 2423 hab.
565 2391 595 2422 T
677 2402 696 2422 2
718 2392 776 2423 tibi
793 2403 858 2425 om,
883 2392 912 2422 T
