<?xml version="1.0" encoding="UTF-8"?>
<!DOCTYPE html PUBLIC "-//W3C//DTD XHTML 1.0 Transitional//EN"
    "http://www.w3.org/TR/xhtml1/DTD/xhtml1-transitional.dtd">
<html xmlns="http://www.w3.org/1999/xhtml" xml:lang="en" lang="en">
 <head>
  <title>
</title>
<meta http-equiv="Content-Type" content="text/html;charset=utf-8" />
  <meta name='ocr-system' content='tesseract 3.04.00' />
  <meta name='ocr-capabilities' content='ocr_page ocr_carea ocr_par ocr_line ocrx_word'/>
</head>
<body>
  <div class='ocr_page' id='page_1' title='image "./epigrammatarecog00martuoft/epigrammatarecog00martuoft_0471.png"; bbox 0 0 1684 2763; ppageno 0'>
   <div class='ocr_carea' id='block_1_1' title="bbox 507 160 1194 199">
    <p class='ocr_par' dir='ltr' id='par_1_1' title="bbox 507 160 1194 199">
     <span class='ocr_line' id='line_1_1' title="bbox 507 160 1194 199; baseline 0.004 -3"><span class='ocrx_word' id='word_1_1' title='bbox 507 160 686 196; x_wconf 80' lang='lat' dir='ltr'>INDEX</span> <span class='ocrx_word' id='word_1_2' title='bbox 728 160 1194 199; x_wconf 75' lang='lat' dir='ltr'>EPIGRAMMATON</span> 
     </span>
    </p>
   </div>
   <div class='ocr_carea' id='block_1_2' title="bbox 248 268 1461 2484">
    <p class='ocr_par' dir='ltr' id='par_1_2' title="bbox 248 268 1286 438">
     <span class='ocr_line' id='line_1_2' title="bbox 248 268 1235 308; baseline 0.002 -11"><span class='ocrx_word' id='word_1_3' title='bbox 248 268 394 298; x_wconf 70' lang='lat' dir='ltr'>Consule</span> <span class='ocrx_word' id='word_1_4' title='bbox 412 273 444 298; x_wconf 88' lang='lat' dir='ltr'>te</span> <span class='ocrx_word' id='word_1_5' title='bbox 462 268 564 298; x_wconf 78' lang='lat' dir='ltr'>Bruto</span> <span class='ocrx_word' id='word_1_6' title='bbox 582 269 671 307; x_wconf 88' lang='lat' dir='ltr'>quod</span> <span class='ocrx_word' id='word_1_7' title='bbox 691 269 791 306; x_wconf 87' lang='lat' dir='ltr'>iuras,</span> <span class='ocrx_word' id='word_1_8' title='bbox 813 269 944 306; x_wconf 78' lang='lat' dir='ltr'>Lesbia,</span> <span class='ocrx_word' id='word_1_9' title='bbox 963 274 1074 300; x_wconf 82' lang='lat' dir='ltr'>natam</span> <span class='ocrx_word' id='word_1_10' title='bbox 1123 269 1165 307; x_wconf 70' lang='lat' dir='ltr'>X,</span> <span class='ocrx_word' id='word_1_11' title='bbox 1183 279 1235 308; x_wconf 82' lang='lat'>39.</span> 
     </span>
     <span class='ocr_line' id='line_1_3' title="bbox 248 311 1286 351; baseline 0.002 -11"><span class='ocrx_word' id='word_1_12' title='bbox 248 311 457 350; x_wconf 79' lang='lat' dir='ltr'>Consumpta</span> <span class='ocrx_word' id='word_1_13' title='bbox 475 317 526 342; x_wconf 77' lang='lat' dir='ltr'>est</span> <span class='ocrx_word' id='word_1_14' title='bbox 543 322 608 342; x_wconf 90' lang='lat' dir='ltr'>uno</span> <span class='ocrx_word' id='word_1_15' title='bbox 626 313 653 342; x_wconf 84' lang='lat' dir='ltr'>si</span> <span class='ocrx_word' id='word_1_16' title='bbox 674 312 829 342; x_wconf 84' lang='lat' dir='ltr'>lemmate</span> <span class='ocrx_word' id='word_1_17' title='bbox 848 313 985 351; x_wconf 80' lang='lat' dir='ltr'>pagina.</span> <span class='ocrx_word' id='word_1_18' title='bbox 1004 314 1129 342; x_wconf 71' lang='lat' dir='ltr'>transis</span> <span class='ocrx_word' id='word_1_19' title='bbox 1175 313 1218 351; x_wconf 81' lang='lat' dir='ltr'>X,</span> <span class='ocrx_word' id='word_1_20' title='bbox 1237 322 1286 351; x_wconf 84' lang='lat'>59.</span> 
     </span>
     <span class='ocr_line' id='line_1_4' title="bbox 248 355 1176 395; baseline 0 -11"><span class='ocrx_word' id='word_1_21' title='bbox 248 356 442 393; x_wconf 79' lang='lat' dir='ltr'>Contigeris</span> <span class='ocrx_word' id='word_1_22' title='bbox 459 359 602 392; x_wconf 73' lang='lat' dir='ltr'>nostros,</span> <span class='ocrx_word' id='word_1_23' title='bbox 621 356 758 393; x_wconf 64' lang='lat' dir='ltr'>Caesar,</span> <span class='ocrx_word' id='word_1_24' title='bbox 778 357 804 385; x_wconf 92' lang='lat' dir='ltr'>si</span> <span class='ocrx_word' id='word_1_25' title='bbox 824 356 908 386; x_wconf 88' lang='lat' dir='ltr'>sorte</span> <span class='ocrx_word' id='word_1_26' title='bbox 925 356 1057 386; x_wconf 86' lang='lat' dir='ltr'>libellos</span> <span class='ocrx_word' id='word_1_27' title='bbox 1104 355 1129 393; x_wconf 70' lang='grc' dir='ltr'>Ι,</span> <span class='ocrx_word' id='word_1_28' title='bbox 1147 366 1176 395; x_wconf 78' lang='lat'>4,</span> 
     </span>
     <span class='ocr_line' id='line_1_5' title="bbox 249 398 1158 438; baseline 0.002 -11"><span class='ocrx_word' id='word_1_29' title='bbox 249 398 444 437; x_wconf 80' lang='lat' dir='ltr'>Contigeris</span> <span class='ocrx_word' id='word_1_30' title='bbox 462 399 579 437; x_wconf 82' lang='lat' dir='ltr'>regina</span> <span class='ocrx_word' id='word_1_31' title='bbox 598 409 692 429; x_wconf 86' lang='lat' dir='ltr'>meos</span> <span class='ocrx_word' id='word_1_32' title='bbox 709 399 734 429; x_wconf 86' lang='lat' dir='ltr'>si</span> <span class='ocrx_word' id='word_1_33' title='bbox 756 399 849 429; x_wconf 82' lang='lat' dir='ltr'>Polla</span> <span class='ocrx_word' id='word_1_34' title='bbox 866 399 998 429; x_wconf 80' lang='lat' dir='ltr'>libellos</span> <span class='ocrx_word' id='word_1_35' title='bbox 1044 399 1087 435; x_wconf 79' lang='lat' dir='ltr'>X,</span> <span class='ocrx_word' id='word_1_36' title='bbox 1106 401 1158 438; x_wconf 77' lang='lat'>64.</span> 
     </span>
    </p>

    <p class='ocr_par' dir='ltr' id='par_1_3' title="bbox 249 441 1288 524">
     <span class='ocr_line' id='line_1_6' title="bbox 249 441 1288 481; baseline 0.001 -10"><span class='ocrx_word' id='word_1_37' title='bbox 249 441 400 479; x_wconf 82' lang='lat' dir='ltr'>Contigit</span> <span class='ocrx_word' id='word_1_38' title='bbox 418 441 591 472; x_wconf 80' lang='lat' dir='ltr'>Ausoniae</span> <span class='ocrx_word' id='word_1_39' title='bbox 608 452 784 481; x_wconf 86' lang='lat' dir='ltr'>procerum</span> <span class='ocrx_word' id='word_1_40' title='bbox 804 443 1000 473; x_wconf 82' lang='lat' dir='ltr'>mitissimus</span> <span class='ocrx_word' id='word_1_41' title='bbox 1016 443 1113 473; x_wconf 84' lang='lat' dir='ltr'>aulae</span> <span class='ocrx_word' id='word_1_42' title='bbox 1160 442 1239 481; x_wconf 87' lang='lat' dir='ltr'>XII,</span> <span class='ocrx_word' id='word_1_43' title='bbox 1257 445 1288 473; x_wconf 88' lang='grc'>6.</span> 
     </span>
     <span class='ocr_line' id='line_1_7' title="bbox 249 485 1172 524; baseline 0.002 -10"><span class='ocrx_word' id='word_1_44' title='bbox 249 485 430 515; x_wconf 78' lang='lat' dir='ltr'>Continuis</span> <span class='ocrx_word' id='word_1_45' title='bbox 447 491 567 515; x_wconf 82' lang='lat' dir='ltr'>vexata</span> <span class='ocrx_word' id='word_1_46' title='bbox 585 486 698 516; x_wconf 88' lang='lat' dir='ltr'>madet</span> <span class='ocrx_word' id='word_1_47' title='bbox 716 486 887 516; x_wconf 70' lang='lat' dir='ltr'>vindemia</span> <span class='ocrx_word' id='word_1_48' title='bbox 905 487 1028 516; x_wconf 80' lang='lat' dir='ltr'>nimbis</span> <span class='ocrx_word' id='word_1_49' title='bbox 1075 486 1101 524; x_wconf 89' lang='grc' dir='ltr'>Ι,</span> <span class='ocrx_word' id='word_1_50' title='bbox 1120 488 1172 524; x_wconf 90' lang='lat'>56.</span> 
     </span>
    </p>

    <p class='ocr_par' dir='ltr' id='par_1_4' title="bbox 249 528 1275 612">
     <span class='ocr_line' id='line_1_8' title="bbox 250 528 1275 569; baseline 0.002 -11"><span class='ocrx_word' id='word_1_51' title='bbox 250 528 404 558; x_wconf 83' lang='lat' dir='ltr'>Contulit</span> <span class='ocrx_word' id='word_1_52' title='bbox 422 529 462 559; x_wconf 87' lang='lat' dir='ltr'>ad</span> <span class='ocrx_word' id='word_1_53' title='bbox 480 535 612 559; x_wconf 77' lang='lat' dir='ltr'>saturas</span> <span class='ocrx_word' id='word_1_54' title='bbox 631 530 783 567; x_wconf 82' lang='lat' dir='ltr'>ingentia</span> <span class='ocrx_word' id='word_1_55' title='bbox 801 536 938 569; x_wconf 82' lang='lat' dir='ltr'>pectora</span> <span class='ocrx_word' id='word_1_56' title='bbox 955 530 1091 559; x_wconf 85' lang='lat' dir='ltr'>Turnus</span> <span class='ocrx_word' id='word_1_57' title='bbox 1141 529 1202 567; x_wconf 91' lang='lat' dir='ltr'>XI,</span> <span class='ocrx_word' id='word_1_58' title='bbox 1226 540 1275 560; x_wconf 86' lang='lat'>10.</span> 
     </span>
     <span class='ocr_line' id='line_1_9' title="bbox 249 571 1078 612; baseline 0.002 -11"><span class='ocrx_word' id='word_1_59' title='bbox 249 571 402 602; x_wconf 83' lang='lat' dir='ltr'>Conviva</span> <span class='ocrx_word' id='word_1_60' title='bbox 419 573 572 611; x_wconf 77' lang='lat' dir='ltr'>quisquis</span> <span class='ocrx_word' id='word_1_61' title='bbox 588 573 674 603; x_wconf 88' lang='lat' dir='ltr'>Zoili</span> <span class='ocrx_word' id='word_1_62' title='bbox 693 578 807 612; x_wconf 83' lang='lat' dir='ltr'>potest</span> <span class='ocrx_word' id='word_1_63' title='bbox 824 582 899 603; x_wconf 83' lang='lat' dir='ltr'>esse</span> <span class='ocrx_word' id='word_1_64' title='bbox 946 573 1007 607; x_wconf 88' lang='grc' dir='ltr'>ΙΙΙ,</span> <span class='ocrx_word' id='word_1_65' title='bbox 1025 574 1078 605; x_wconf 81' lang='lat'>82.</span> 
     </span>
    </p>

    <p class='ocr_par' dir='ltr' id='par_1_5' title="bbox 250 615 1042 656">
     <span class='ocr_line' id='line_1_10' title="bbox 250 615 1042 656; baseline 0.003 -11"><span class='ocrx_word' id='word_1_66' title='bbox 250 615 424 654; x_wconf 82' lang='lat' dir='ltr'>Coponem</span> <span class='ocrx_word' id='word_1_67' title='bbox 443 617 636 655; x_wconf 83' lang='lat' dir='ltr'>laniumque</span> <span class='ocrx_word' id='word_1_68' title='bbox 655 618 879 656; x_wconf 86' lang='lat' dir='ltr'>balncnmque</span> <span class='ocrx_word' id='word_1_69' title='bbox 928 616 970 651; x_wconf 76' lang='grc' dir='ltr'>ΙΙ,</span> <span class='ocrx_word' id='word_1_70' title='bbox 989 618 1042 655; x_wconf 87' lang='lat'>48.</span> 
     </span>
    </p>

    <p class='ocr_par' dir='ltr' id='par_1_6' title="bbox 250 659 1408 961">
     <span class='ocr_line' id='line_1_11' title="bbox 250 659 1408 699; baseline 0.002 -11"><span class='ocrx_word' id='word_1_71' title='bbox 250 660 383 689; x_wconf 78' lang='lat' dir='ltr'>Cornea</span> <span class='ocrx_word' id='word_1_72' title='bbox 401 661 427 689; x_wconf 83' lang='lat' dir='ltr'>si</span> <span class='ocrx_word' id='word_1_73' title='bbox 447 670 514 689; x_wconf 87' lang='lat' dir='ltr'>non</span> <span class='ocrx_word' id='word_1_74' title='bbox 532 671 616 697; x_wconf 81' lang='lat' dir='ltr'>sum,</span> <span class='ocrx_word' id='word_1_75' title='bbox 635 660 795 699; x_wconf 80' lang='lat' dir='ltr'>numquid</span> <span class='ocrx_word' id='word_1_76' title='bbox 813 671 885 690; x_wconf 72' lang='lat' dir='ltr'>sum</span> <span class='ocrx_word' id='word_1_77' title='bbox 902 659 1050 691; x_wconf 70' lang='lat' dir='ltr'>fuscior?</span> <span class='ocrx_word' id='word_1_78' title='bbox 1075 665 1131 690; x_wconf 86' lang='lat' dir='ltr'>aut</span> <span class='ocrx_word' id='word_1_79' title='bbox 1148 671 1199 691; x_wconf 90' lang='lat' dir='ltr'>me</span> <span class='ocrx_word' id='word_1_80' title='bbox 1247 660 1339 698; x_wconf 69' lang='lat' dir='ltr'>XIV,</span> <span class='ocrx_word' id='word_1_81' title='bbox 1357 662 1408 691; x_wconf 82' lang='lat'>62.</span> 
     </span>
     <span class='ocr_line' id='line_1_12' title="bbox 250 703 1214 743; baseline 0.002 -11"><span class='ocrx_word' id='word_1_82' title='bbox 250 703 361 733; x_wconf 74' lang='lat' dir='ltr'>Corve</span> <span class='ocrx_word' id='word_1_83' title='bbox 379 703 554 736; x_wconf 72' lang='lat' dir='ltr'>salutator.</span> <span class='ocrx_word' id='word_1_84' title='bbox 575 714 678 742; x_wconf 84' lang='lat' dir='ltr'>quare</span> <span class='ocrx_word' id='word_1_85' title='bbox 696 704 827 734; x_wconf 76' lang='lat' dir='ltr'>fellator</span> <span class='ocrx_word' id='word_1_86' title='bbox 847 705 1002 735; x_wconf 68' lang='lat' dir='ltr'>haberis?</span> <span class='ocrx_word' id='word_1_87' title='bbox 1049 704 1142 741; x_wconf 76' lang='lat' dir='ltr'>XIV,</span> <span class='ocrx_word' id='word_1_88' title='bbox 1164 715 1214 743; x_wconf 80' lang='lat'>74.</span> 
     </span>
     <span class='ocr_line' id='line_1_13' title="bbox 253 747 1276 787; baseline 0.002 -11"><span class='ocrx_word' id='word_1_89' title='bbox 253 747 411 777; x_wconf 74' lang='lat' dir='ltr'>Cosconi.</span> <span class='ocrx_word' id='word_1_90' title='bbox 433 748 487 785; x_wconf 84' lang='lat' dir='ltr'>qui</span> <span class='ocrx_word' id='word_1_91' title='bbox 507 748 608 785; x_wconf 79' lang='lat' dir='ltr'>longa</span> <span class='ocrx_word' id='word_1_92' title='bbox 626 752 722 786; x_wconf 76' lang='lat' dir='ltr'>putas</span> <span class='ocrx_word' id='word_1_93' title='bbox 740 748 982 786; x_wconf 80' lang='lat' dir='ltr'>epigrammata</span> <span class='ocrx_word' id='word_1_94' title='bbox 1001 753 1114 778; x_wconf 83' lang='lat' dir='ltr'>nostra</span> <span class='ocrx_word' id='word_1_95' title='bbox 1162 748 1206 785; x_wconf 87' lang='grc' dir='ltr'>ΙΙ,</span> <span class='ocrx_word' id='word_1_96' title='bbox 1227 759 1276 787; x_wconf 88' lang='lat'>77.</span> 
     </span>
     <span class='ocr_line' id='line_1_14' title="bbox 252 790 1278 830; baseline 0.002 -11"><span class='ocrx_word' id='word_1_97' title='bbox 252 790 426 820; x_wconf 80' lang='lat' dir='ltr'>Cosmicos</span> <span class='ocrx_word' id='word_1_98' title='bbox 444 802 518 820; x_wconf 71' lang='lat' dir='ltr'>esse</span> <span class='ocrx_word' id='word_1_99' title='bbox 536 791 607 828; x_wconf 81' lang='lat' dir='ltr'>tibi⁷</span> <span class='ocrx_word' id='word_1_100' title='bbox 626 792 807 830; x_wconf 76' lang='lat' dir='ltr'>Semproni</span> <span class='ocrx_word' id='word_1_101' title='bbox 825 791 948 828; x_wconf 75' lang='lat' dir='ltr'>Tucca,</span> <span class='ocrx_word' id='word_1_102' title='bbox 966 792 1094 821; x_wconf 87' lang='lat' dir='ltr'>videris</span> <span class='ocrx_word' id='word_1_103' title='bbox 1138 791 1214 829; x_wconf 91' lang='lat' dir='ltr'>VII,</span> <span class='ocrx_word' id='word_1_104' title='bbox 1227 802 1278 830; x_wconf 89' lang='lat'>41.</span> 
     </span>
     <span class='ocr_line' id='line_1_15' title="bbox 251 833 1361 873; baseline 0.003 -10"><span class='ocrx_word' id='word_1_105' title='bbox 251 833 374 866; x_wconf 75' lang='lat' dir='ltr'>Cotile,</span> <span class='ocrx_word' id='word_1_106' title='bbox 394 835 501 864; x_wconf 83' lang='lat' dir='ltr'>bellus</span> <span class='ocrx_word' id='word_1_107' title='bbox 517 835 618 864; x_wconf 90' lang='lat' dir='ltr'>homo</span> <span class='ocrx_word' id='word_1_108' title='bbox 637 845 696 865; x_wconf 85' lang='lat' dir='ltr'>es:</span> <span class='ocrx_word' id='word_1_109' title='bbox 718 835 833 864; x_wconf 89' lang='lat' dir='ltr'>dicunt</span> <span class='ocrx_word' id='word_1_110' title='bbox 851 835 927 871; x_wconf 87' lang='lat' dir='ltr'>hoc,</span> <span class='ocrx_word' id='word_1_111' title='bbox 946 834 1068 871; x_wconf 78' lang='lat' dir='ltr'>Cotile‚</span> <span class='ocrx_word' id='word_1_112' title='bbox 1088 836 1180 866; x_wconf 89' lang='lat' dir='ltr'>multi</span> <span class='ocrx_word' id='word_1_113' title='bbox 1230 835 1292 873; x_wconf 79' lang='grc' dir='ltr'>ΙΙΙ,</span> <span class='ocrx_word' id='word_1_114' title='bbox 1309 836 1361 873; x_wconf 81' lang='grc'>63.</span> 
     </span>
     <span class='ocr_line' id='line_1_16' title="bbox 251 877 1292 918; baseline 0.002 -11"><span class='ocrx_word' id='word_1_115' title='bbox 251 877 336 907; x_wconf 82' lang='lat' dir='ltr'>Cras</span> <span class='ocrx_word' id='word_1_116' title='bbox 356 878 580 910; x_wconf 68' lang='lat' dir='ltr'>tevictutum,</span> <span class='ocrx_word' id='word_1_117' title='bbox 598 888 672 908; x_wconf 85' lang='lat' dir='ltr'>cras</span> <span class='ocrx_word' id='word_1_118' title='bbox 690 879 786 910; x_wconf 68' lang='lat' dir='ltr'>dicis„</span> <span class='ocrx_word' id='word_1_119' title='bbox 808 878 979 915; x_wconf 75' lang='lat' dir='ltr'>Postume,</span> <span class='ocrx_word' id='word_1_120' title='bbox 999 888 1136 918; x_wconf 86' lang='lat' dir='ltr'>semper</span> <span class='ocrx_word' id='word_1_121' title='bbox 1180 878 1221 916; x_wconf 87' lang='lat' dir='ltr'>V,</span> <span class='ocrx_word' id='word_1_122' title='bbox 1239 880 1292 917; x_wconf 84' lang='lat'>58.</span> 
     </span>
     <span class='ocr_line' id='line_1_17' title="bbox 252 920 933 961; baseline 0.003 -11"><span class='ocrx_word' id='word_1_123' title='bbox 252 920 354 951; x_wconf 84' lang='lat' dir='ltr'>Credi</span> <span class='ocrx_word' id='word_1_124' title='bbox 370 922 501 959; x_wconf 84' lang='lat' dir='ltr'>virgine</span> <span class='ocrx_word' id='word_1_125' title='bbox 519 922 645 952; x_wconf 79' lang='lat' dir='ltr'>castior</span> <span class='ocrx_word' id='word_1_126' title='bbox 661 923 783 961; x_wconf 83' lang='lat' dir='ltr'>pudica</span> <span class='ocrx_word' id='word_1_127' title='bbox 830 921 886 959; x_wconf 88' lang='lat' dir='ltr'>IV,</span> <span class='ocrx_word' id='word_1_128' title='bbox 904 923 933 952; x_wconf 85' lang='lat'>6.</span> 
     </span>
    </p>

    <p class='ocr_par' dir='ltr' id='par_1_7' title="bbox 252 964 1407 1135">
     <span class='ocr_line' id='line_1_18' title="bbox 252 964 1344 1004; baseline 0.001 -10"><span class='ocrx_word' id='word_1_129' title='bbox 252 964 373 994; x_wconf 82' lang='lat' dir='ltr'>Credis</span> <span class='ocrx_word' id='word_1_130' title='bbox 389 965 432 994; x_wconf 88' lang='lat' dir='ltr'>ob</span> <span class='ocrx_word' id='word_1_131' title='bbox 448 965 531 995; x_wconf 86' lang='lat' dir='ltr'>haec</span> <span class='ocrx_word' id='word_1_132' title='bbox 549 975 612 1002; x_wconf 88' lang='lat' dir='ltr'>me,</span> <span class='ocrx_word' id='word_1_133' title='bbox 633 965 765 1002; x_wconf 71' lang='lat' dir='ltr'>Pastor,</span> <span class='ocrx_word' id='word_1_134' title='bbox 784 975 866 1003; x_wconf 86' lang='lat' dir='ltr'>opes</span> <span class='ocrx_word' id='word_1_135' title='bbox 882 965 1025 995; x_wconf 79' lang='lat' dir='ltr'>sortasse</span> <span class='ocrx_word' id='word_1_136' title='bbox 1044 975 1163 1004; x_wconf 84' lang='lat' dir='ltr'>rogare</span> <span class='ocrx_word' id='word_1_137' title='bbox 1211 965 1272 999; x_wconf 73' lang='lat' dir='ltr'>IX,</span> <span class='ocrx_word' id='word_1_138' title='bbox 1293 975 1344 995; x_wconf 85' lang='lat'>22.</span> 
     </span>
     <span class='ocr_line' id='line_1_19' title="bbox 252 1007 1301 1048; baseline 0.001 -11"><span class='ocrx_word' id='word_1_139' title='bbox 252 1007 355 1038; x_wconf 85' lang='lat' dir='ltr'>Creta</span> <span class='ocrx_word' id='word_1_140' title='bbox 371 1009 465 1038; x_wconf 80' lang='lat' dir='ltr'>dedit</span> <span class='ocrx_word' id='word_1_141' title='bbox 482 1019 652 1048; x_wconf 79' lang='lat' dir='ltr'>magnum.</span> <span class='ocrx_word' id='word_1_142' title='bbox 671 1009 778 1039; x_wconf 82' lang='lat' dir='ltr'>maius</span> <span class='ocrx_word' id='word_1_143' title='bbox 793 1010 886 1039; x_wconf 88' lang='lat' dir='ltr'>dedit</span> <span class='ocrx_word' id='word_1_144' title='bbox 902 1008 1020 1038; x_wconf 82' lang='lat' dir='ltr'>Africa</span> <span class='ocrx_word' id='word_1_145' title='bbox 1038 1019 1161 1039; x_wconf 88' lang='lat' dir='ltr'>nomen</span> <span class='ocrx_word' id='word_1_146' title='bbox 1208 1008 1251 1047; x_wconf 87' lang='lat' dir='ltr'>II⁷</span> <span class='ocrx_word' id='word_1_147' title='bbox 1271 1019 1301 1039; x_wconf 81' lang='lat'>2.</span> 
     </span>
     <span class='ocr_line' id='line_1_20' title="bbox 252 1051 1407 1091; baseline 0.001 -10"><span class='ocrx_word' id='word_1_148' title='bbox 252 1051 356 1082; x_wconf 86' lang='lat' dir='ltr'>Crine</span> <span class='ocrx_word' id='word_1_149' title='bbox 374 1052 484 1089; x_wconf 80' lang='lat' dir='ltr'>ruber,</span> <span class='ocrx_word' id='word_1_150' title='bbox 504 1053 601 1091; x_wconf 83' lang='lat' dir='ltr'>niger</span> <span class='ocrx_word' id='word_1_151' title='bbox 617 1062 688 1089; x_wconf 82' lang='lat' dir='ltr'>ore,</span> <span class='ocrx_word' id='word_1_152' title='bbox 706 1053 818 1082; x_wconf 85' lang='lat' dir='ltr'>brevis</span> <span class='ocrx_word' id='word_1_153' title='bbox 837 1053 935 1090; x_wconf 77' lang='lat' dir='ltr'>pede,</span> <span class='ocrx_word' id='word_1_154' title='bbox 955 1052 1080 1082; x_wconf 90' lang='lat' dir='ltr'>lumine</span> <span class='ocrx_word' id='word_1_155' title='bbox 1099 1053 1210 1082; x_wconf 83' lang='lat' dir='ltr'>laesus</span> <span class='ocrx_word' id='word_1_156' title='bbox 1256 1052 1336 1089; x_wconf 78' lang='lat' dir='ltr'>XII,</span> <span class='ocrx_word' id='word_1_157' title='bbox 1355 1062 1407 1090; x_wconf 72' lang='lat'>54.</span> 
     </span>
     <span class='ocr_line' id='line_1_21' title="bbox 253 1095 1053 1135; baseline 0 -10"><span class='ocrx_word' id='word_1_158' title='bbox 253 1095 405 1125; x_wconf 81' lang='lat' dir='ltr'>Crinitae</span> <span class='ocrx_word' id='word_1_159' title='bbox 425 1095 508 1125; x_wconf 87' lang='lat' dir='ltr'>Line</span> <span class='ocrx_word' id='word_1_160' title='bbox 526 1096 722 1135; x_wconf 83' lang='lat' dir='ltr'>paedagoge</span> <span class='ocrx_word' id='word_1_161' title='bbox 739 1096 857 1125; x_wconf 86' lang='lat' dir='ltr'>turbae</span> <span class='ocrx_word' id='word_1_162' title='bbox 903 1095 982 1132; x_wconf 85' lang='lat' dir='ltr'>XII,</span> <span class='ocrx_word' id='word_1_163' title='bbox 1001 1106 1053 1134; x_wconf 80' lang='lat'>49.</span> 
     </span>
    </p>

    <p class='ocr_par' dir='ltr' id='par_1_8' title="bbox 253 1138 1281 1178">
     <span class='ocr_line' id='line_1_22' title="bbox 253 1138 1281 1178; baseline 0 -10"><span class='ocrx_word' id='word_1_164' title='bbox 253 1138 428 1178; x_wconf 77' lang='lat' dir='ltr'>Crispulus</span> <span class='ocrx_word' id='word_1_165' title='bbox 446 1140 510 1169; x_wconf 84' lang='lat' dir='ltr'>iste</span> <span class='ocrx_word' id='word_1_166' title='bbox 526 1139 601 1178; x_wconf 87' lang='lat' dir='ltr'>quis</span> <span class='ocrx_word' id='word_1_167' title='bbox 618 1144 680 1175; x_wconf 74' lang='lat' dir='ltr'>est,</span> <span class='ocrx_word' id='word_1_168' title='bbox 700 1140 795 1169; x_wconf 86' lang='lat' dir='ltr'>uxori</span> <span class='ocrx_word' id='word_1_169' title='bbox 813 1149 949 1178; x_wconf 82' lang='lat' dir='ltr'>semper</span> <span class='ocrx_word' id='word_1_170' title='bbox 965 1140 1126 1169; x_wconf 78' lang='lat' dir='ltr'>adhaeret</span> <span class='ocrx_word' id='word_1_171' title='bbox 1170 1139 1211 1176; x_wconf 80' lang='lat' dir='ltr'>V,</span> <span class='ocrx_word' id='word_1_172' title='bbox 1230 1139 1281 1168; x_wconf 86' lang='lat'>61.</span> 
     </span>
    </p>

    <p class='ocr_par' dir='ltr' id='par_1_9' title="bbox 254 1181 1292 1221">
     <span class='ocr_line' id='line_1_23' title="bbox 254 1181 1292 1221; baseline 0.001 -9"><span class='ocrx_word' id='word_1_173' title='bbox 254 1181 316 1212; x_wconf 88' lang='lat' dir='ltr'>Cui</span> <span class='ocrx_word' id='word_1_174' title='bbox 334 1182 458 1220; x_wconf 82' lang='lat' dir='ltr'>legisse</span> <span class='ocrx_word' id='word_1_175' title='bbox 475 1183 557 1212; x_wconf 83' lang='lat' dir='ltr'>satis</span> <span class='ocrx_word' id='word_1_176' title='bbox 574 1193 640 1212; x_wconf 90' lang='lat' dir='ltr'>non</span> <span class='ocrx_word' id='word_1_177' title='bbox 661 1187 712 1212; x_wconf 88' lang='lat' dir='ltr'>est</span> <span class='ocrx_word' id='word_1_178' title='bbox 730 1183 975 1221; x_wconf 82' lang='lat' dir='ltr'>epigrammata</span> <span class='ocrx_word' id='word_1_179' title='bbox 993 1187 1128 1212; x_wconf 88' lang='lat' dir='ltr'>centum</span> <span class='ocrx_word' id='word_1_180' title='bbox 1176 1181 1202 1219; x_wconf 89' lang='lat' dir='ltr'>I,</span> <span class='ocrx_word' id='word_1_181' title='bbox 1223 1183 1292 1213; x_wconf 84' lang='lat'>118.</span> 
     </span>
    </p>

    <p class='ocr_par' dir='ltr' id='par_1_10' title="bbox 253 1225 1043 1265">
     <span class='ocr_line' id='line_1_24' title="bbox 253 1225 1043 1265; baseline 0.001 -10"><span class='ocrx_word' id='word_1_182' title='bbox 253 1225 315 1256; x_wconf 85' lang='lat' dir='ltr'>Cui</span> <span class='ocrx_word' id='word_1_183' title='bbox 334 1226 459 1258; x_wconf 80' lang='lat' dir='ltr'>tradas,</span> <span class='ocrx_word' id='word_1_184' title='bbox 479 1226 583 1265; x_wconf 76' lang='lat' dir='ltr'>Lupe,</span> <span class='ocrx_word' id='word_1_185' title='bbox 602 1226 705 1256; x_wconf 88' lang='lat' dir='ltr'>filium</span> <span class='ocrx_word' id='word_1_186' title='bbox 724 1227 884 1265; x_wconf 80' lang='lat' dir='ltr'>magistro</span> <span class='ocrx_word' id='word_1_187' title='bbox 930 1225 971 1262; x_wconf 87' lang='lat' dir='ltr'>V,</span> <span class='ocrx_word' id='word_1_188' title='bbox 990 1227 1043 1264; x_wconf 89' lang='lat'>56.</span> 
     </span>
    </p>

    <p class='ocr_par' dir='ltr' id='par_1_11' title="bbox 254 1268 990 1307">
     <span class='ocr_line' id='line_1_25' title="bbox 254 1268 990 1307; baseline 0.001 -9"><span class='ocrx_word' id='word_1_189' title='bbox 254 1269 360 1299; x_wconf 86' lang='lat' dir='ltr'>Cuius</span> <span class='ocrx_word' id='word_1_190' title='bbox 376 1271 425 1300; x_wconf 81' lang='lat' dir='ltr'>vis</span> <span class='ocrx_word' id='word_1_191' title='bbox 443 1270 525 1306; x_wconf 70' lang='lat' dir='ltr'>fieri,</span> <span class='ocrx_word' id='word_1_192' title='bbox 544 1269 668 1305; x_wconf 74' lang='lat' dir='ltr'>libelle,</span> <span class='ocrx_word' id='word_1_193' title='bbox 687 1271 830 1300; x_wconf 67' lang='lat' dir='ltr'>munus?</span> <span class='ocrx_word' id='word_1_194' title='bbox 878 1268 940 1307; x_wconf 93' lang='grc' dir='ltr'>ΙΙΙ,</span> <span class='ocrx_word' id='word_1_195' title='bbox 959 1279 990 1299; x_wconf 87' lang='lat'>2.</span> 
     </span>
    </p>

    <p class='ocr_par' dir='ltr' id='par_1_12' title="bbox 256 1312 1399 1439">
     <span class='ocr_line' id='line_1_26' title="bbox 256 1312 1346 1352; baseline -0.001 -9"><span class='ocrx_word' id='word_1_196' title='bbox 256 1313 338 1343; x_wconf 91' lang='lat' dir='ltr'>Cum</span> <span class='ocrx_word' id='word_1_197' title='bbox 356 1313 667 1351; x_wconf 77' lang='lat' dir='ltr'>†cathedratalios†</span> <span class='ocrx_word' id='word_1_198' title='bbox 684 1318 796 1352; x_wconf 88' lang='lat' dir='ltr'>portet</span> <span class='ocrx_word' id='word_1_199' title='bbox 815 1312 874 1343; x_wconf 92' lang='lat' dir='ltr'>tibi</span> <span class='ocrx_word' id='word_1_200' title='bbox 892 1313 994 1342; x_wconf 84' lang='lat' dir='ltr'>raeda</span> <span class='ocrx_word' id='word_1_201' title='bbox 1013 1312 1183 1343; x_wconf 87' lang='lat' dir='ltr'>ministros</span> <span class='ocrx_word' id='word_1_202' title='bbox 1232 1313 1276 1350; x_wconf 85' lang='lat' dir='ltr'>X,</span> <span class='ocrx_word' id='word_1_203' title='bbox 1299 1323 1346 1351; x_wconf 80' lang='lat'>14.</span> 
     </span>
     <span class='ocr_line' id='line_1_27' title="bbox 256 1355 1399 1395; baseline 0 -9"><span class='ocrx_word' id='word_1_204' title='bbox 256 1357 341 1386; x_wconf 88' lang='lat' dir='ltr'>Cum</span> <span class='ocrx_word' id='word_1_205' title='bbox 358 1357 504 1387; x_wconf 86' lang='lat' dir='ltr'>clamant</span> <span class='ocrx_word' id='word_1_206' title='bbox 520 1367 650 1393; x_wconf 76' lang='lat' dir='ltr'>omnes,</span> <span class='ocrx_word' id='word_1_207' title='bbox 668 1357 815 1395; x_wconf 87' lang='lat' dir='ltr'>loqueris</span> <span class='ocrx_word' id='word_1_208' title='bbox 831 1361 922 1389; x_wconf 70' lang='lat' dir='ltr'>tunc,</span> <span class='ocrx_word' id='word_1_209' title='bbox 943 1355 1104 1394; x_wconf 76' lang='lat' dir='ltr'>Naevole‚</span> <span class='ocrx_word' id='word_1_210' title='bbox 1123 1361 1254 1386; x_wconf 80' lang='lat' dir='ltr'>tantum</span> <span class='ocrx_word' id='word_1_211' title='bbox 1301 1356 1327 1394; x_wconf 94' lang='grc' dir='ltr'>Ι,</span> <span class='ocrx_word' id='word_1_212' title='bbox 1348 1366 1399 1394; x_wconf 82' lang='grc'>97.</span> 
     </span>
     <span class='ocr_line' id='line_1_28' title="bbox 257 1399 1268 1439; baseline 0.002 -10"><span class='ocrx_word' id='word_1_213' title='bbox 257 1400 340 1430; x_wconf 90' lang='lat' dir='ltr'>Cum</span> <span class='ocrx_word' id='word_1_214' title='bbox 359 1402 487 1431; x_wconf 86' lang='lat' dir='ltr'>coleret</span> <span class='ocrx_word' id='word_1_215' title='bbox 505 1411 607 1439; x_wconf 89' lang='lat' dir='ltr'>puros</span> <span class='ocrx_word' id='word_1_216' title='bbox 624 1411 753 1439; x_wconf 85' lang='lat' dir='ltr'>pauper</span> <span class='ocrx_word' id='word_1_217' title='bbox 768 1400 948 1430; x_wconf 88' lang='lat' dir='ltr'>Telesinus</span> <span class='ocrx_word' id='word_1_218' title='bbox 966 1401 1093 1430; x_wconf 88' lang='lat' dir='ltr'>amicos</span> <span class='ocrx_word' id='word_1_219' title='bbox 1138 1399 1196 1437; x_wconf 93' lang='lat' dir='ltr'>VI,</span> <span class='ocrx_word' id='word_1_220' title='bbox 1216 1410 1268 1439; x_wconf 86' lang='lat'>50.</span> 
     </span>
    </p>

    <p class='ocr_par' dir='ltr' id='par_1_13' title="bbox 256 1443 1270 1481">
     <span class='ocr_line' id='line_1_29' title="bbox 256 1443 1270 1481; baseline -0.001 -8"><span class='ocrx_word' id='word_1_221' title='bbox 256 1443 338 1473; x_wconf 81' lang='lat' dir='ltr'>Cum</span> <span class='ocrx_word' id='word_1_222' title='bbox 357 1455 470 1475; x_wconf 80' lang='lat' dir='ltr'>comes</span> <span class='ocrx_word' id='word_1_223' title='bbox 486 1444 623 1475; x_wconf 77' lang='lat' dir='ltr'>Arctois</span> <span class='ocrx_word' id='word_1_224' title='bbox 640 1444 797 1474; x_wconf 75' lang='lat' dir='ltr'>haereret</span> <span class='ocrx_word' id='word_1_225' title='bbox 815 1443 973 1473; x_wconf 80' lang='lat' dir='ltr'>Caesaris</span> <span class='ocrx_word' id='word_1_226' title='bbox 989 1444 1092 1473; x_wconf 87' lang='lat' dir='ltr'>armis</span> <span class='ocrx_word' id='word_1_227' title='bbox 1138 1443 1199 1480; x_wconf 77' lang='lat' dir='ltr'>IX,</span> <span class='ocrx_word' id='word_1_228' title='bbox 1217 1453 1270 1481; x_wconf 83' lang='lat'>31.</span> 
     </span>
    </p>

    <p class='ocr_par' dir='ltr' id='par_1_14' title="bbox 257 1486 1416 1657">
     <span class='ocr_line' id='line_1_30' title="bbox 257 1486 1416 1526; baseline -0.001 -8"><span class='ocrx_word' id='word_1_229' title='bbox 257 1487 341 1517; x_wconf 88' lang='lat' dir='ltr'>Curn</span> <span class='ocrx_word' id='word_1_230' title='bbox 360 1489 441 1518; x_wconf 85' lang='lat' dir='ltr'>dare</span> <span class='ocrx_word' id='word_1_231' title='bbox 460 1498 526 1517; x_wconf 92' lang='lat' dir='ltr'>non</span> <span class='ocrx_word' id='word_1_232' title='bbox 546 1488 671 1526; x_wconf 88' lang='lat' dir='ltr'>possim</span> <span class='ocrx_word' id='word_1_233' title='bbox 687 1489 776 1526; x_wconf 88' lang='lat' dir='ltr'>quod</span> <span class='ocrx_word' id='word_1_234' title='bbox 794 1487 918 1526; x_wconf 82' lang='lat' dir='ltr'>poscis.</span> <span class='ocrx_word' id='word_1_235' title='bbox 936 1486 1044 1524; x_wconf 71' lang='lat' dir='ltr'>Galla,</span> <span class='ocrx_word' id='word_1_236' title='bbox 1063 1491 1239 1525; x_wconf 82' lang='lat' dir='ltr'>rogantem</span> <span class='ocrx_word' id='word_1_237' title='bbox 1286 1486 1348 1521; x_wconf 81' lang='grc' dir='ltr'>ΙΙΙ,</span> <span class='ocrx_word' id='word_1_238' title='bbox 1366 1496 1416 1524; x_wconf 78' lang='lat'>54.</span> 
     </span>
     <span class='ocr_line' id='line_1_31' title="bbox 257 1529 1327 1570; baseline -0.001 -10"><span class='ocrx_word' id='word_1_239' title='bbox 257 1531 340 1560; x_wconf 88' lang='lat' dir='ltr'>Cum</span> <span class='ocrx_word' id='word_1_240' title='bbox 360 1532 436 1561; x_wconf 87' lang='lat' dir='ltr'>data</span> <span class='ocrx_word' id='word_1_241' title='bbox 453 1532 520 1561; x_wconf 87' lang='lat' dir='ltr'>sint</span> <span class='ocrx_word' id='word_1_242' title='bbox 538 1532 643 1570; x_wconf 86' lang='lat' dir='ltr'>equiti</span> <span class='ocrx_word' id='word_1_243' title='bbox 664 1532 715 1561; x_wconf 93' lang='lat' dir='ltr'>bis</span> <span class='ocrx_word' id='word_1_244' title='bbox 732 1532 835 1569; x_wconf 90' lang='lat' dir='ltr'>quina</span> <span class='ocrx_word' id='word_1_245' title='bbox 852 1531 1064 1561; x_wconf 81' lang='lat' dir='ltr'>nomismata.</span> <span class='ocrx_word' id='word_1_246' title='bbox 1080 1540 1183 1569; x_wconf 84' lang='lat' dir='ltr'>quare</span> <span class='ocrx_word' id='word_1_247' title='bbox 1231 1529 1256 1565; x_wconf 81' lang='grc' dir='ltr'>Ι,</span> <span class='ocrx_word' id='word_1_248' title='bbox 1280 1539 1327 1560; x_wconf 88' lang='lat'>11.</span> 
     </span>
     <span class='ocr_line' id='line_1_32' title="bbox 257 1573 1406 1612; baseline -0.002 -8"><span class='ocrx_word' id='word_1_249' title='bbox 257 1574 339 1604; x_wconf 90' lang='lat' dir='ltr'>Cum</span> <span class='ocrx_word' id='word_1_250' title='bbox 359 1575 496 1605; x_wconf 88' lang='lat' dir='ltr'>dederis</span> <span class='ocrx_word' id='word_1_251' title='bbox 511 1575 645 1605; x_wconf 84' lang='lat' dir='ltr'>Siculos</span> <span class='ocrx_word' id='word_1_252' title='bbox 663 1576 794 1604; x_wconf 90' lang='lat' dir='ltr'>mediae</span> <span class='ocrx_word' id='word_1_253' title='bbox 811 1575 852 1604; x_wconf 92' lang='lat' dir='ltr'>de</span> <span class='ocrx_word' id='word_1_254' title='bbox 870 1573 1011 1604; x_wconf 87' lang='lat' dir='ltr'>collibus</span> <span class='ocrx_word' id='word_1_255' title='bbox 1031 1573 1165 1612; x_wconf 85' lang='lat' dir='ltr'>Hyblae</span> <span class='ocrx_word' id='word_1_256' title='bbox 1211 1573 1309 1611; x_wconf 84' lang='lat' dir='ltr'>XIII,</span> <span class='ocrx_word' id='word_1_257' title='bbox 1334 1583 1406 1611; x_wconf 85' lang='lat'>105.</span> 
     </span>
     <span class='ocr_line' id='line_1_33' title="bbox 258 1617 1156 1657; baseline 0.001 -10"><span class='ocrx_word' id='word_1_258' title='bbox 258 1617 341 1648; x_wconf 89' lang='lat' dir='ltr'>Cum</span> <span class='ocrx_word' id='word_1_259' title='bbox 359 1618 536 1657; x_wconf 67' lang='lat' dir='ltr'>depilatos,</span> <span class='ocrx_word' id='word_1_260' title='bbox 555 1618 712 1655; x_wconf 85' lang='lat' dir='ltr'>Chreste,</span> <span class='ocrx_word' id='word_1_261' title='bbox 731 1618 845 1648; x_wconf 91' lang='lat' dir='ltr'>coleos</span> <span class='ocrx_word' id='word_1_262' title='bbox 860 1623 976 1656; x_wconf 80' lang='lat' dir='ltr'>portes</span> <span class='ocrx_word' id='word_1_263' title='bbox 1022 1617 1083 1651; x_wconf 78' lang='lat' dir='ltr'>IX,</span> <span class='ocrx_word' id='word_1_264' title='bbox 1101 1627 1156 1656; x_wconf 86' lang='lat'>27.</span> 
     </span>
    </p>

    <p class='ocr_par' dir='ltr' id='par_1_15' title="bbox 258 1659 1346 1744">
     <span class='ocr_line' id='line_1_34' title="bbox 258 1659 1346 1701; baseline -0.002 -9"><span class='ocrx_word' id='word_1_265' title='bbox 258 1661 343 1692; x_wconf 91' lang='lat' dir='ltr'>Cum</span> <span class='ocrx_word' id='word_1_266' title='bbox 361 1663 446 1692; x_wconf 86' lang='lat' dir='ltr'>dicis</span> <span class='ocrx_word' id='word_1_267' title='bbox 463 1666 469 1678; x_wconf 71' lang='lat'>⁴</span> <span class='ocrx_word' id='word_1_268' title='bbox 485 1662 647 1701; x_wconf 78' lang='lat' dir='ltr'>Propero,</span> <span class='ocrx_word' id='word_1_269' title='bbox 663 1661 714 1692; x_wconf 85' lang='lat' dir='ltr'>sac</span> <span class='ocrx_word' id='word_1_270' title='bbox 732 1662 758 1692; x_wconf 86' lang='lat' dir='ltr'>si</span> <span class='ocrx_word' id='word_1_271' title='bbox 777 1661 881 1698; x_wconf 74' lang='lat' dir='ltr'>sacis,‘</span> <span class='ocrx_word' id='word_1_272' title='bbox 901 1660 1049 1699; x_wconf 84' lang='lat' dir='ltr'>Hedyle,</span> <span class='ocrx_word' id='word_1_273' title='bbox 1067 1661 1205 1699; x_wconf 74' lang='lat' dir='ltr'>languet</span> <span class='ocrx_word' id='word_1_274' title='bbox 1251 1659 1276 1698; x_wconf 89' lang='grc' dir='ltr'>Ι,</span> <span class='ocrx_word' id='word_1_275' title='bbox 1295 1661 1346 1698; x_wconf 81' lang='lat'>46.</span> 
     </span>
     <span class='ocr_line' id='line_1_35' title="bbox 259 1703 1184 1744; baseline 0 -9"><span class='ocrx_word' id='word_1_276' title='bbox 259 1705 341 1736; x_wconf 90' lang='lat' dir='ltr'>Cum</span> <span class='ocrx_word' id='word_1_277' title='bbox 358 1707 428 1736; x_wconf 86' lang='lat' dir='ltr'>dixi</span> <span class='ocrx_word' id='word_1_278' title='bbox 449 1705 544 1743; x_wconf 79' lang='lat' dir='ltr'>ficus,</span> <span class='ocrx_word' id='word_1_279' title='bbox 562 1706 652 1736; x_wconf 89' lang='lat' dir='ltr'>rides</span> <span class='ocrx_word' id='word_1_280' title='bbox 668 1706 763 1744; x_wconf 85' lang='lat' dir='ltr'>quasi</span> <span class='ocrx_word' id='word_1_281' title='bbox 781 1705 921 1735; x_wconf 77' lang='lat' dir='ltr'>barbara</span> <span class='ocrx_word' id='word_1_282' title='bbox 938 1704 1041 1734; x_wconf 84' lang='lat' dir='ltr'>verba</span> <span class='ocrx_word' id='word_1_283' title='bbox 1087 1703 1113 1742; x_wconf 91' lang='grc' dir='ltr'>Ι,</span> <span class='ocrx_word' id='word_1_284' title='bbox 1131 1705 1184 1743; x_wconf 82' lang='lat'>65.</span> 
     </span>
    </p>

    <p class='ocr_par' dir='ltr' id='par_1_16' title="bbox 259 1746 1166 1786">
     <span class='ocr_line' id='line_1_36' title="bbox 259 1746 1166 1786; baseline 0 -8"><span class='ocrx_word' id='word_1_285' title='bbox 259 1748 342 1780; x_wconf 88' lang='lat' dir='ltr'>Cum</span> <span class='ocrx_word' id='word_1_286' title='bbox 362 1750 531 1779; x_wconf 83' lang='lat' dir='ltr'>dubitaret</span> <span class='ocrx_word' id='word_1_287' title='bbox 548 1750 657 1779; x_wconf 85' lang='lat' dir='ltr'>adhuc</span> <span class='ocrx_word' id='word_1_288' title='bbox 674 1749 751 1778; x_wconf 92' lang='lat' dir='ltr'>belli</span> <span class='ocrx_word' id='word_1_289' title='bbox 769 1748 876 1779; x_wconf 87' lang='lat' dir='ltr'>civilis</span> <span class='ocrx_word' id='word_1_290' title='bbox 894 1748 991 1786; x_wconf 81' lang='lat' dir='ltr'>Enyo</span> <span class='ocrx_word' id='word_1_291' title='bbox 1036 1746 1095 1784; x_wconf 72' lang='lat' dir='ltr'>VI,</span> <span class='ocrx_word' id='word_1_292' title='bbox 1115 1758 1166 1786; x_wconf 85' lang='lat'>32.</span> 
     </span>
    </p>

    <p class='ocr_par' dir='ltr' id='par_1_17' title="bbox 259 1790 1290 1830">
     <span class='ocr_line' id='line_1_37' title="bbox 259 1790 1290 1830; baseline -0.001 -7"><span class='ocrx_word' id='word_1_293' title='bbox 259 1793 343 1823; x_wconf 90' lang='lat' dir='ltr'>Cum</span> <span class='ocrx_word' id='word_1_294' title='bbox 363 1794 427 1823; x_wconf 93' lang='lat' dir='ltr'>duo</span> <span class='ocrx_word' id='word_1_295' title='bbox 443 1793 619 1823; x_wconf 83' lang='lat' dir='ltr'>venissent</span> <span class='ocrx_word' id='word_1_296' title='bbox 635 1793 676 1822; x_wconf 91' lang='lat' dir='ltr'>ad</span> <span class='ocrx_word' id='word_1_297' title='bbox 694 1792 851 1830; x_wconf 84' lang='lat' dir='ltr'>Phyllida</span> <span class='ocrx_word' id='word_1_298' title='bbox 870 1801 969 1821; x_wconf 85' lang='lat' dir='ltr'>mane</span> <span class='ocrx_word' id='word_1_299' title='bbox 985 1790 1128 1821; x_wconf 78' lang='lat' dir='ltr'>fututum</span> <span class='ocrx_word' id='word_1_300' title='bbox 1176 1791 1219 1829; x_wconf 81' lang='lat' dir='ltr'>X,</span> <span class='ocrx_word' id='word_1_301' title='bbox 1238 1792 1290 1822; x_wconf 64' lang='lat'>81.</span> 
     </span>
    </p>

    <p class='ocr_par' dir='ltr' id='par_1_18' title="bbox 259 1834 1258 1871">
     <span class='ocr_line' id='line_1_38' title="bbox 259 1834 1258 1871; baseline -0.001 -5"><span class='ocrx_word' id='word_1_302' title='bbox 259 1836 341 1867; x_wconf 87' lang='lat' dir='ltr'>Cum</span> <span class='ocrx_word' id='word_1_303' title='bbox 360 1837 463 1866; x_wconf 85' lang='lat' dir='ltr'>facias</span> <span class='ocrx_word' id='word_1_304' title='bbox 481 1846 599 1866; x_wconf 87' lang='lat' dir='ltr'>versus</span> <span class='ocrx_word' id='word_1_305' title='bbox 616 1836 705 1866; x_wconf 83' lang='lat' dir='ltr'>nulla</span> <span class='ocrx_word' id='word_1_306' title='bbox 723 1846 790 1865; x_wconf 88' lang='lat' dir='ltr'>non</span> <span class='ocrx_word' id='word_1_307' title='bbox 808 1835 882 1865; x_wconf 92' lang='lat' dir='ltr'>luce</span> <span class='ocrx_word' id='word_1_308' title='bbox 899 1835 1050 1865; x_wconf 88' lang='lat' dir='ltr'>ducenos</span> <span class='ocrx_word' id='word_1_309' title='bbox 1094 1834 1189 1871; x_wconf 76' lang='lat' dir='ltr'>VIII,</span> <span class='ocrx_word' id='word_1_310' title='bbox 1205 1845 1258 1865; x_wconf 82' lang='lat'>20.</span> 
     </span>
    </p>

    <p class='ocr_par' dir='ltr' id='par_1_19' title="bbox 259 1877 1317 1960">
     <span class='ocr_line' id='line_1_39' title="bbox 259 1877 1317 1918; baseline -0.002 -8"><span class='ocrx_word' id='word_1_311' title='bbox 259 1880 343 1910; x_wconf 90' lang='lat' dir='ltr'>Cum</span> <span class='ocrx_word' id='word_1_312' title='bbox 360 1880 479 1910; x_wconf 81' lang='lat' dir='ltr'>faciem</span> <span class='ocrx_word' id='word_1_313' title='bbox 497 1880 607 1917; x_wconf 85' lang='lat' dir='ltr'>laudo,</span> <span class='ocrx_word' id='word_1_314' title='bbox 625 1889 699 1909; x_wconf 88' lang='lat' dir='ltr'>curn</span> <span class='ocrx_word' id='word_1_315' title='bbox 718 1880 820 1909; x_wconf 91' lang='lat' dir='ltr'>miror</span> <span class='ocrx_word' id='word_1_316' title='bbox 837 1888 933 1908; x_wconf 85' lang='lat' dir='ltr'>crura</span> <span class='ocrx_word' id='word_1_317' title='bbox 953 1888 1139 1918; x_wconf 86' lang='lat' dir='ltr'>manusque</span> <span class='ocrx_word' id='word_1_318' title='bbox 1186 1877 1247 1915; x_wconf 91' lang='grc' dir='ltr'>ΙΙΙ,</span> <span class='ocrx_word' id='word_1_319' title='bbox 1265 1887 1317 1916; x_wconf 84' lang='lat'>51.</span> 
     </span>
     <span class='ocr_line' id='line_1_40' title="bbox 260 1921 1267 1960; baseline -0.002 -6"><span class='ocrx_word' id='word_1_320' title='bbox 260 1924 341 1954; x_wconf 91' lang='lat' dir='ltr'>Cum</span> <span class='ocrx_word' id='word_1_321' title='bbox 361 1925 458 1954; x_wconf 84' lang='lat' dir='ltr'>fieret</span> <span class='ocrx_word' id='word_1_322' title='bbox 474 1924 580 1953; x_wconf 88' lang='lat' dir='ltr'>tristis</span> <span class='ocrx_word' id='word_1_323' title='bbox 597 1923 768 1953; x_wconf 83' lang='lat' dir='ltr'>solvendis</span> <span class='ocrx_word' id='word_1_324' title='bbox 785 1923 895 1952; x_wconf 90' lang='lat' dir='ltr'>auctio</span> <span class='ocrx_word' id='word_1_325' title='bbox 912 1922 1058 1952; x_wconf 90' lang='lat' dir='ltr'>nummis</span> <span class='ocrx_word' id='word_1_326' title='bbox 1103 1921 1195 1957; x_wconf 76' lang='lat' dir='ltr'>XIV,</span> <span class='ocrx_word' id='word_1_327' title='bbox 1213 1931 1267 1960; x_wconf 83' lang='lat'>35.</span> 
     </span>
    </p>

    <p class='ocr_par' dir='ltr' id='par_1_20' title="bbox 261 1965 1297 2005">
     <span class='ocr_line' id='line_1_41' title="bbox 261 1965 1297 2005; baseline -0.001 -8"><span class='ocrx_word' id='word_1_328' title='bbox 261 1967 344 1998; x_wconf 89' lang='lat' dir='ltr'>Cum</span> <span class='ocrx_word' id='word_1_329' title='bbox 362 1968 476 2004; x_wconf 76' lang='lat' dir='ltr'>futuis⁷</span> <span class='ocrx_word' id='word_1_330' title='bbox 497 1967 732 2005; x_wconf 79' lang='lat' dir='ltr'>Polycharme,</span> <span class='ocrx_word' id='word_1_331' title='bbox 754 1967 843 1997; x_wconf 84' lang='lat' dir='ltr'>soles</span> <span class='ocrx_word' id='word_1_332' title='bbox 860 1967 893 1996; x_wconf 86' lang='lat' dir='ltr'>in</span> <span class='ocrx_word' id='word_1_333' title='bbox 912 1966 979 1995; x_wconf 78' lang='lat' dir='ltr'>fine</span> <span class='ocrx_word' id='word_1_334' title='bbox 999 1976 1116 1996; x_wconf 85' lang='lat' dir='ltr'>cacare</span> <span class='ocrx_word' id='word_1_335' title='bbox 1162 1965 1224 2003; x_wconf 80' lang='lat' dir='ltr'>IX,</span> <span class='ocrx_word' id='word_1_336' title='bbox 1243 1966 1297 2004; x_wconf 88' lang='lat'>69.</span> 
     </span>
    </p>

    <p class='ocr_par' dir='ltr' id='par_1_21' title="bbox 261 2008 1287 2047">
     <span class='ocr_line' id='line_1_42' title="bbox 261 2008 1287 2047; baseline -0.002 -6"><span class='ocrx_word' id='word_1_337' title='bbox 261 2011 344 2041; x_wconf 87' lang='lat' dir='ltr'>Cum</span> <span class='ocrx_word' id='word_1_338' title='bbox 360 2011 472 2047; x_wconf 74' lang='lat' dir='ltr'>gravis</span> <span class='ocrx_word' id='word_1_339' title='bbox 489 2015 658 2040; x_wconf 85' lang='lat' dir='ltr'>extremas</span> <span class='ocrx_word' id='word_1_340' title='bbox 675 2011 838 2040; x_wconf 82' lang='lat' dir='ltr'>Vestinus</span> <span class='ocrx_word' id='word_1_341' title='bbox 855 2010 994 2039; x_wconf 89' lang='lat' dir='ltr'>duceret</span> <span class='ocrx_word' id='word_1_342' title='bbox 1010 2009 1112 2039; x_wconf 84' lang='lat' dir='ltr'>horas</span> <span class='ocrx_word' id='word_1_343' title='bbox 1158 2008 1216 2046; x_wconf 84' lang='lat' dir='ltr'>IV,</span> <span class='ocrx_word' id='word_1_344' title='bbox 1237 2019 1287 2047; x_wconf 87' lang='lat'>73.</span> 
     </span>
    </p>

    <p class='ocr_par' dir='ltr' id='par_1_22' title="bbox 261 2052 1363 2136">
     <span class='ocr_line' id='line_1_43' title="bbox 261 2052 1363 2092; baseline -0.002 -8"><span class='ocrx_word' id='word_1_345' title='bbox 261 2054 344 2084; x_wconf 89' lang='lat' dir='ltr'>Cum</span> <span class='ocrx_word' id='word_1_346' title='bbox 364 2054 522 2084; x_wconf 86' lang='lat' dir='ltr'>Iuvenale</span> <span class='ocrx_word' id='word_1_347' title='bbox 539 2065 614 2084; x_wconf 89' lang='lat' dir='ltr'>meo</span> <span class='ocrx_word' id='word_1_348' title='bbox 630 2064 716 2092; x_wconf 87' lang='lat' dir='ltr'>quae</span> <span class='ocrx_word' id='word_1_349' title='bbox 733 2064 785 2083; x_wconf 91' lang='lat' dir='ltr'>me</span> <span class='ocrx_word' id='word_1_350' title='bbox 801 2053 1011 2083; x_wconf 86' lang='lat' dir='ltr'>committere</span> <span class='ocrx_word' id='word_1_351' title='bbox 1029 2058 1175 2091; x_wconf 82' lang='lat' dir='ltr'>temptas</span> <span class='ocrx_word' id='word_1_352' title='bbox 1217 2052 1294 2090; x_wconf 86' lang='lat' dir='ltr'>VII,</span> <span class='ocrx_word' id='word_1_353' title='bbox 1312 2062 1363 2090; x_wconf 83' lang='lat'>24.</span> 
     </span>
     <span class='ocr_line' id='line_1_44' title="bbox 263 2095 1222 2136; baseline -0.001 -8"><span class='ocrx_word' id='word_1_354' title='bbox 263 2098 347 2128; x_wconf 90' lang='lat' dir='ltr'>Cum</span> <span class='ocrx_word' id='word_1_355' title='bbox 365 2108 417 2128; x_wconf 87' lang='lat' dir='ltr'>me</span> <span class='ocrx_word' id='word_1_356' title='bbox 433 2102 599 2136; x_wconf 83' lang='lat' dir='ltr'>captares,</span> <span class='ocrx_word' id='word_1_357' title='bbox 620 2098 774 2127; x_wconf 69' lang='lat' dir='ltr'>mittebas</span> <span class='ocrx_word' id='word_1_358' title='bbox 791 2106 931 2126; x_wconf 88' lang='lat' dir='ltr'>munera</span> <span class='ocrx_word' id='word_1_359' title='bbox 948 2097 1045 2127; x_wconf 89' lang='lat' dir='ltr'>nobis</span> <span class='ocrx_word' id='word_1_360' title='bbox 1091 2095 1152 2128; x_wconf 84' lang='lat' dir='ltr'>IX,</span> <span class='ocrx_word' id='word_1_361' title='bbox 1169 2096 1222 2127; x_wconf 84' lang='lat'>88.</span> 
     </span>
    </p>

    <p class='ocr_par' dir='ltr' id='par_1_23' title="bbox 262 2138 1404 2265">
     <span class='ocr_line' id='line_1_45' title="bbox 262 2138 1307 2179; baseline -0.003 -8"><span class='ocrx_word' id='word_1_362' title='bbox 262 2142 344 2172; x_wconf 89' lang='lat' dir='ltr'>Cum</span> <span class='ocrx_word' id='word_1_363' title='bbox 365 2151 417 2171; x_wconf 83' lang='lat' dir='ltr'>ine</span> <span class='ocrx_word' id='word_1_364' title='bbox 432 2141 513 2171; x_wconf 85' lang='lat' dir='ltr'>ficus</span> <span class='ocrx_word' id='word_1_365' title='bbox 529 2142 606 2178; x_wconf 77' lang='lat' dir='ltr'>alat,</span> <span class='ocrx_word' id='word_1_366' title='bbox 624 2151 698 2171; x_wconf 92' lang='lat' dir='ltr'>cum</span> <span class='ocrx_word' id='word_1_367' title='bbox 718 2151 836 2179; x_wconf 81' lang='lat' dir='ltr'>pascar</span> <span class='ocrx_word' id='word_1_368' title='bbox 852 2140 1005 2170; x_wconf 90' lang='lat' dir='ltr'>dulcibus</span> <span class='ocrx_word' id='word_1_369' title='bbox 1022 2140 1095 2170; x_wconf 87' lang='lat' dir='ltr'>uvis</span> <span class='ocrx_word' id='word_1_370' title='bbox 1140 2138 1236 2177; x_wconf 85' lang='lat' dir='ltr'>XIII,</span> <span class='ocrx_word' id='word_1_371' title='bbox 1254 2149 1307 2177; x_wconf 83' lang='lat'>49.</span> 
     </span>
     <span class='ocr_line' id='line_1_46' title="bbox 263 2182 1404 2223; baseline -0.004 -8"><span class='ocrx_word' id='word_1_372' title='bbox 263 2186 346 2215; x_wconf 91' lang='lat' dir='ltr'>Cum</span> <span class='ocrx_word' id='word_1_373' title='bbox 365 2195 417 2214; x_wconf 87' lang='lat' dir='ltr'>me</span> <span class='ocrx_word' id='word_1_374' title='bbox 433 2185 520 2215; x_wconf 84' lang='lat' dir='ltr'>velle</span> <span class='ocrx_word' id='word_1_375' title='bbox 535 2185 632 2214; x_wconf 87' lang='lat' dir='ltr'>vides</span> <span class='ocrx_word' id='word_1_376' title='bbox 649 2189 858 2223; x_wconf 72' lang='lat' dir='ltr'>tentumque,</span> <span class='ocrx_word' id='word_1_377' title='bbox 876 2183 1100 2222; x_wconf 87' lang='lat' dir='ltr'>Telesphore,</span> <span class='ocrx_word' id='word_1_378' title='bbox 1119 2183 1227 2213; x_wconf 86' lang='lat' dir='ltr'>sentis</span> <span class='ocrx_word' id='word_1_379' title='bbox 1272 2182 1334 2219; x_wconf 87' lang='lat' dir='ltr'>XI,</span> <span class='ocrx_word' id='word_1_380' title='bbox 1354 2182 1404 2220; x_wconf 82' lang='lat'>58.</span> 
     </span>
     <span class='ocr_line' id='line_1_47' title="bbox 264 2226 1107 2265; baseline -0.001 -7"><span class='ocrx_word' id='word_1_381' title='bbox 264 2229 347 2259; x_wconf 90' lang='lat' dir='ltr'>Cum</span> <span class='ocrx_word' id='word_1_382' title='bbox 366 2238 501 2258; x_wconf 84' lang='lat' dir='ltr'>mensas</span> <span class='ocrx_word' id='word_1_383' title='bbox 518 2228 638 2258; x_wconf 86' lang='lat' dir='ltr'>habeat</span> <span class='ocrx_word' id='word_1_384' title='bbox 656 2228 726 2258; x_wconf 84' lang='lat' dir='ltr'>sere</span> <span class='ocrx_word' id='word_1_385' title='bbox 744 2232 914 2258; x_wconf 86' lang='lat' dir='ltr'>trecentas</span> <span class='ocrx_word' id='word_1_386' title='bbox 958 2226 1035 2264; x_wconf 89' lang='lat' dir='ltr'>VII,</span> <span class='ocrx_word' id='word_1_387' title='bbox 1054 2227 1107 2265; x_wconf 80' lang='lat'>48.</span> 
     </span>
    </p>

    <p class='ocr_par' dir='ltr' id='par_1_24' title="bbox 265 2268 1461 2484">
     <span class='ocr_line' id='line_1_48' title="bbox 265 2268 1333 2303; baseline -0.004 -1"><span class='ocrx_word' id='word_1_388' title='bbox 265 2273 347 2303; x_wconf 91' lang='lat' dir='ltr'>Cum</span> <span class='ocrx_word' id='word_1_389' title='bbox 367 2272 446 2301; x_wconf 90' lang='lat' dir='ltr'>mihi</span> <span class='ocrx_word' id='word_1_390' title='bbox 465 2271 568 2301; x_wconf 87' lang='lat' dir='ltr'>boleti</span> <span class='ocrx_word' id='word_1_391' title='bbox 586 2272 744 2301; x_wconf 86' lang='lat' dir='ltr'>dederint</span> <span class='ocrx_word' id='word_1_392' title='bbox 761 2277 827 2301; x_wconf 85' lang='lat' dir='ltr'>tam</span> <span class='ocrx_word' id='word_1_393' title='bbox 846 2271 959 2301; x_wconf 88' lang='lat' dir='ltr'>nobile</span> <span class='ocrx_word' id='word_1_394' title='bbox 976 2281 1099 2300; x_wconf 91' lang='lat' dir='ltr'>nomen</span> <span class='ocrx_word' id='word_1_395' title='bbox 1147 2268 1240 2302; x_wconf 76' lang='lat' dir='ltr'>XIV.</span> <span class='ocrx_word' id='word_1_396' title='bbox 1263 2279 1333 2299; x_wconf 85' lang='lat'><em>101.</em></span> 
     </span>
     <span class='ocr_line' id='line_1_49' title="bbox 265 2312 1348 2353; baseline -0.003 -8"><span class='ocrx_word' id='word_1_397' title='bbox 265 2317 349 2346; x_wconf 89' lang='lat' dir='ltr'>Cum</span> <span class='ocrx_word' id='word_1_398' title='bbox 368 2315 470 2344; x_wconf 86' lang='lat' dir='ltr'>mittis</span> <span class='ocrx_word' id='word_1_399' title='bbox 487 2315 662 2344; x_wconf 87' lang='lat' dir='ltr'>turdumve</span> <span class='ocrx_word' id='word_1_400' title='bbox 679 2315 760 2344; x_wconf 89' lang='lat' dir='ltr'>mihi</span> <span class='ocrx_word' id='word_1_401' title='bbox 778 2315 982 2353; x_wconf 84' lang='lat' dir='ltr'>quadramve</span> <span class='ocrx_word' id='word_1_402' title='bbox 999 2315 1175 2352; x_wconf 86' lang='lat' dir='ltr'>placentae</span> <span class='ocrx_word' id='word_1_403' title='bbox 1220 2312 1279 2350; x_wconf 80' lang='lat' dir='ltr'>VI,</span> <span class='ocrx_word' id='word_1_404' title='bbox 1299 2322 1348 2350; x_wconf 85' lang='lat'>75.</span> 
     </span>
     <span class='ocr_line' id='line_1_50' title="bbox 266 2356 1324 2397; baseline -0.002 -9"><span class='ocrx_word' id='word_1_405' title='bbox 266 2360 349 2389; x_wconf 88' lang='lat' dir='ltr'>Cum</span> <span class='ocrx_word' id='word_1_406' title='bbox 367 2362 501 2397; x_wconf 86' lang='lat' dir='ltr'>peteret</span> <span class='ocrx_word' id='word_1_407' title='bbox 518 2358 633 2388; x_wconf 83' lang='lat' dir='ltr'>dulces</span> <span class='ocrx_word' id='word_1_408' title='bbox 650 2359 761 2388; x_wconf 83' lang='lat' dir='ltr'>audax</span> <span class='ocrx_word' id='word_1_409' title='bbox 782 2358 954 2387; x_wconf 84' lang='lat' dir='ltr'>Leandros</span> <span class='ocrx_word' id='word_1_410' title='bbox 971 2367 1104 2387; x_wconf 87' lang='lat' dir='ltr'>amores</span> <span class='ocrx_word' id='word_1_411' title='bbox 1148 2356 1210 2395; x_wconf 81' lang='lat' dir='ltr'>Ep.</span> <span class='ocrx_word' id='word_1_412' title='bbox 1228 2365 1279 2393; x_wconf 81' lang='lat'>25,</span> <span class='ocrx_word' id='word_1_413' title='bbox 1295 2356 1324 2386; x_wconf 93' lang='lat' dir='ltr'>b.</span> 
     </span>
     <span class='ocr_line' id='line_1_51' title="bbox 266 2398 1461 2440; baseline -0.006 -7"><span class='ocrx_word' id='word_1_414' title='bbox 266 2403 349 2433; x_wconf 86' lang='lat' dir='ltr'>Cum</span> <span class='ocrx_word' id='word_1_415' title='bbox 369 2406 500 2440; x_wconf 87' lang='lat' dir='ltr'>peteret</span> <span class='ocrx_word' id='word_1_416' title='bbox 517 2411 595 2440; x_wconf 86' lang='lat' dir='ltr'>pars</span> <span class='ocrx_word' id='word_1_417' title='bbox 612 2401 695 2432; x_wconf 86' lang='lat' dir='ltr'>haec</span> <span class='ocrx_word' id='word_1_418' title='bbox 715 2401 896 2440; x_wconf 70' lang='lat' dir='ltr'>Myrinum⁷</span> <span class='ocrx_word' id='word_1_419' title='bbox 914 2411 993 2439; x_wconf 87' lang='lat' dir='ltr'>pars</span> <span class='ocrx_word' id='word_1_420' title='bbox 1010 2400 1067 2430; x_wconf 84' lang='lat' dir='ltr'>illa</span> <span class='ocrx_word' id='word_1_421' title='bbox 1083 2400 1304 2437; x_wconf 86' lang='lat' dir='ltr'>Triumphum</span> <span class='ocrx_word' id='word_1_422' title='bbox 1337 2398 1395 2438; x_wconf 80' lang='lat' dir='ltr'>Ep.</span> <span class='ocrx_word' id='word_1_423' title='bbox 1410 2408 1461 2427; x_wconf 83' lang='lat'>20.</span> 
     </span>
     <span class='ocr_line' id='line_1_52' title="bbox 266 2442 1305 2484; baseline -0.003 -9"><span class='ocrx_word' id='word_1_424' title='bbox 266 2447 349 2476; x_wconf 91' lang='lat' dir='ltr'>Cum</span> <span class='ocrx_word' id='word_1_425' title='bbox 367 2450 499 2484; x_wconf 82' lang='lat' dir='ltr'>peteret</span> <span class='ocrx_word' id='word_1_426' title='bbox 516 2445 644 2483; x_wconf 83' lang='lat' dir='ltr'>patriae</span> <span class='ocrx_word' id='word_1_427' title='bbox 660 2445 827 2475; x_wconf 87' lang='lat' dir='ltr'>missicius</span> <span class='ocrx_word' id='word_1_428' title='bbox 843 2454 922 2474; x_wconf 87' lang='lat' dir='ltr'>arva</span> <span class='ocrx_word' id='word_1_429' title='bbox 940 2444 1128 2474; x_wconf 86' lang='lat' dir='ltr'>Ravennae</span> <span class='ocrx_word' id='word_1_430' title='bbox 1173 2442 1235 2479; x_wconf 89' lang='grc' dir='ltr'>ΙΙΙ,</span> <span class='ocrx_word' id='word_1_431' title='bbox 1253 2451 1305 2480; x_wconf 89' lang='lat'>91.</span> 
     </span>
    </p>
   </div>
  </div>
 </body>
</html>
