1684 2763
174 156 227 192 M.
261 155 381 191 VAL.
415 153 728 191 MARTIALIS

173 268 248 304 hoc
278 274 319 304 tu
348 273 527 315 gravatus
558 272 599 302 ut
628 265 772 302 famem
803 271 841 302 et
870 262 972 301 sitim
1004 263 1101 301 ferre

172 349 325 374 summa
353 349 549 374 venenum
579 334 741 384 potione
770 333 960 383 perduxti.

174 400 281 438 Nihil
311 409 380 448 est,
412 400 539 450 Apici,
570 400 640 438 tibi
670 398 844 449 gulosius
872 400 1031 437 factum.
1479 415 1494 444 5

654 504 799 540 XXIII

174 580 319 618 Omnia
348 594 437 619 cum
468 588 570 618 retro
599 579 728 629 pueris
758 578 924 618 obsonia
953 579 1093 624 tradas,

227 659 294 683 cur
323 659 402 683 non
434 658 570 683 mensa
598 644 668 682 tibi
698 643 856 694 ponitur
883 657 906 681 a
934 642 1132 693 pedibus?

662 750 801 786 XXIV

177 827 265 865 Vite
295 839 442 864 nocens
473 839 558 863 rosa
588 825 715 862 stabat
746 823 954 862 moriturus
984 825 1033 861 ad
1063 837 1147 861 aras

230 891 372 937 hircus,
407 891 575 936 Bacche,
607 889 683 927 tuis
712 888 871 927 victima
900 896 1007 938 grata
1037 887 1163 926 sacris.

176 970 293 1005 quern
324 958 478 993 Tuscus
509 962 679 993 mactare
708 955 785 992 (leo
814 967 904 992 cum
936 955 1051 991 vellet
1080 966 1255 1003 aruspex,

229 1021 377 1059 dixerat
405 1020 544 1070 agresti
574 1021 672 1057 sorte
701 1018 867 1068 rudique
896 1018 977 1055 viro

180 1095 219 1123 ut
250 1086 328 1123 cito
358 1085 559 1124 testiculos
589 1091 627 1122 et
656 1091 771 1121 acuta
800 1084 898 1121 falce
928 1091 1087 1129 secaret,

231 1159 351 1189 taeter
381 1158 421 1188 ut
451 1150 666 1187 inmundae
695 1147 820 1186 carnis
849 1147 972 1185 abiret
1003 1149 1111 1185 odor.

178 1217 258 1265 ipse
288 1229 403 1265 super
431 1214 572 1252 virides
601 1227 684 1251 aras
714 1213 901 1250 luctantia
926 1226 1072 1261 pronus

231 1282 326 1318 dum
357 1287 503 1317 resecat
532 1280 657 1316 cultro
686 1279 786 1315 colla
815 1277 1034 1327 premitque
1065 1290 1193 1321 manu,

179 1346 314 1394 ingens
344 1344 447 1382 iratis
476 1343 654 1393 apparuit
685 1343 819 1381 hirnea
848 1342 976 1380 sacris.

232 1417 399 1459 occupat
429 1410 531 1446 hanc
560 1409 660 1446 ferro
689 1407 854 1445 rusticus
883 1415 1002 1457 atque
1031 1414 1147 1453 secat,
1465 1422 1502 1442 ιο

180 1477 254 1513 hoc
284 1481 387 1511 ratus
416 1473 600 1522 antiquos
631 1486 828 1511 sacrorum
859 1485 1020 1522 poscere
1050 1471 1144 1510 ritus

234 1540 374 1578 talibus
404 1546 441 1576 et
472 1538 577 1576 fibris
609 1537 772 1575 numina
802 1537 927 1587 prisca
957 1536 1043 1575 coli.

180 1605 256 1652 Sic,
286 1605 406 1642 modo
437 1603 503 1652 qui
533 1605 687 1640 Tuscus
718 1603 855 1648 fueras,
888 1614 994 1639 nunc
1024 1602 1160 1639 Gallus
1190 1614 1367 1650 aruspex,

233 1671 326 1707 dum
358 1669 508 1718 iugulas
538 1667 701 1714 hircum,
733 1668 858 1704 factus
888 1680 928 1704 es
958 1666 1040 1715 ipse
1070 1679 1195 1715 caper.

674 1773 790 1809 XXV

181 1851 218 1888 si
250 1848 453 1899 temperari
483 1850 668 1887 balneum
699 1847 809 1897 cupis
838 1848 1001 1893 fervens,

186 1913 377 1960 Faustine‚
410 1914 517 1962 quod
547 1912 609 1949 vix
639 1911 815 1950 Iulianus
850 1911 1018 1957 intraret,

182 1992 272 2028 roga
301 1980 449 2016 lavetur
478 1979 672 2015 rhetorem
703 1976 942 2014 Sabineium.

184 2043 428 2081 Neronianas
458 2042 489 2080 is
519 2041 714 2092 refrigerat
744 2042 926 2079 thermas.

226 2145 327 2175 XXII
345 2154 365 2183 3
383 2145 488 2174 serres
508 2145 554 2174 (Ἀ
705 2154 722 2181 4
749 2143 904 2182 perduxti
921 2140 1055 2173 Scriver.
1076 2153 1082 2172 ε
1107 2141 1228 2171 duxisti
1252 2140 1323 2170 BA:
1348 2140 1503 2179 perduxit

184 2189 231 2218 (A
363 2198 382 2226 5
408 2187 488 2217 nihil
507 2187 581 2217 ΒΑ.
605 2187 733 2217 nullum
753 2187 800 2217 CA

226 2231 344 2262 XXIII
374 2241 386 2261 1
414 2232 526 2270 pueris
544 2236 635 2261 retro
655 2231 701 2260 CA
791 2233 914 2260 tractas
933 2228 981 2257 CA
999 2230 1071 2268 (pro
1087 2227 1209 2258 tracias
1224 2238 1231 2265 ;
1256 2226 1283 2257 cl
1295 2231 1356 2266 pro
1374 2227 1407 2256 dx

228 2275 343 2305 XXIV
367 2275 440 2305 lmb.
464 2275 492 2304 T
641 2285 660 2304 2
686 2274 769 2304 focis
792 2272 874 2302 AA:
906 2271 1011 2302 sacris
1038 2271 1143 2301 BACA
1303 2281 1322 2307 4
1348 2269 1424 2300 forti
1450 2269 1504 2298 BA

184 2321 203 2348 8
227 2329 326 2348 manu
339 2318 467 2347 AIACA:
494 2328 610 2348 manus
626 2317 681 2346 BA
815 2327 835 2355 9
860 2315 1009 2345 hircania
1032 2314 1062 2344 T
1198 2324 1235 2343 10
1259 2313 1320 2343 hoc
1337 2313 1417 2342 ΑΑῑ
1442 2313 1504 2344 hac

186 2362 232 2392 CA
320 2361 434 2402 atque]
452 2367 531 2391 ante
548 2361 602 2390 BA
736 2370 770 2389 11
796 2359 935 2398 antiquo
955 2358 1001 2388 CA

222 2406 326 2489 XX)V
351 2417 369 2444 4
393 2406 419 2435 is
436 2404 489 2434 [3⁸⁸-
507 2408 543 2434 nt
560 2404 621 2435 vtd.
642 2404 683 2443 (is
700 2402 762 2442 LJ:
786 2402 879 2433 siP:
902 2401 1054 2442 0111.Q):
1078 2400 1130 2430 hic
1149 2399 1195 2430 (A
1271 2400 1432 2438 refrigera
1450 2398 1503 2429 BA

185 2460 249 2490 seq
278 2455 289 2479 t
1479 2457 1482 2461 .
