<?xml version="1.0" encoding="UTF-8"?>
<!DOCTYPE html PUBLIC "-//W3C//DTD XHTML 1.0 Transitional//EN"
    "http://www.w3.org/TR/xhtml1/DTD/xhtml1-transitional.dtd">
<html xmlns="http://www.w3.org/1999/xhtml" xml:lang="en" lang="en">
 <head>
  <title>
</title>
<meta http-equiv="Content-Type" content="text/html;charset=utf-8" />
  <meta name='ocr-system' content='tesseract 3.04.00' />
  <meta name='ocr-capabilities' content='ocr_page ocr_carea ocr_par ocr_line ocrx_word'/>
</head>
<body>
  <div class='ocr_page' id='page_1' title='image "./epigrammatarecog00martuoft/epigrammatarecog00martuoft_0041.png"; bbox 0 0 1684 2715; ppageno 0'>
   <div class='ocr_carea' id='block_1_1' title="bbox 801 90 1476 130">
    <p class='ocr_par' dir='ltr' id='par_1_1' title="bbox 801 90 1476 130">
     <span class='ocr_line' id='line_1_1' title="bbox 801 90 1476 130; baseline 0.004 -3"><span class='ocrx_word' id='word_1_1' title='bbox 801 90 1270 130; x_wconf 88' lang='lat' dir='ltr'>EPIGRAMMATON</span> <span class='ocrx_word' id='word_1_2' title='bbox 1304 93 1476 130; x_wconf 85' lang='lat' dir='ltr'>LIBER</span> 
     </span>
    </p>
   </div>
   <div class='ocr_carea' id='block_1_2' title="bbox 138 203 1266 843">
    <p class='ocr_par' dir='ltr' id='par_1_2' title="bbox 139 203 1266 318">
     <span class='ocr_line' id='line_1_2' title="bbox 139 203 1266 252; baseline 0.003 -13"><span class='ocrx_word' id='word_1_3' title='bbox 139 215 218 239; x_wconf 87' lang='lat' dir='ltr'><strong>non</strong></span> <span class='ocrx_word' id='word_1_4' title='bbox 251 203 464 240; x_wconf 82' lang='lat' dir='ltr'>Marathon</span> <span class='ocrx_word' id='word_1_5' title='bbox 495 209 663 248; x_wconf 89' lang='lat' dir='ltr'><strong>taurum,</strong></span> <span class='ocrx_word' id='word_1_6' title='bbox 695 203 849 241; x_wconf 83' lang='lat' dir='ltr'><strong>Nemee</strong></span> <span class='ocrx_word' id='word_1_7' title='bbox 879 203 1068 241; x_wconf 89' lang='lat' dir='ltr'><strong>frondosa</strong></span> <span class='ocrx_word' id='word_1_8' title='bbox 1097 204 1266 252; x_wconf 87' lang='lat' dir='ltr'><strong>leonem,</strong></span> 
     </span>
     <span class='ocr_line' id='line_1_3' title="bbox 192 266 1109 318; baseline 0 -13"><span class='ocrx_word' id='word_1_9' title='bbox 192 269 314 306; x_wconf 85' lang='lat' dir='ltr'><strong>Arcas</strong></span> <span class='ocrx_word' id='word_1_10' title='bbox 347 267 592 306; x_wconf 90' lang='lat' dir='ltr'><strong>Maenalium</strong></span> <span class='ocrx_word' id='word_1_11' title='bbox 622 280 703 305; x_wconf 90' lang='lat' dir='ltr'><strong>non</strong></span> <span class='ocrx_word' id='word_1_12' title='bbox 734 266 929 306; x_wconf 86' lang='lat' dir='ltr'><strong>timuisset</strong></span> <span class='ocrx_word' id='word_1_13' title='bbox 958 281 1109 318; x_wconf 91' lang='lat' dir='ltr'><strong>aprum.</strong></span> 
     </span>
    </p>

    <p class='ocr_par' dir='ltr' id='par_1_3' title="bbox 138 334 1191 449">
     <span class='ocr_line' id='line_1_4' title="bbox 138 334 1191 382; baseline 0.002 -12"><span class='ocrx_word' id='word_1_14' title='bbox 138 335 215 372; x_wconf 91' lang='lat' dir='ltr'><strong>hoc</strong></span> <span class='ocrx_word' id='word_1_15' title='bbox 243 341 421 371; x_wconf 81' lang='lat' dir='ltr'><strong>armante</strong></span> <span class='ocrx_word' id='word_1_16' title='bbox 451 347 592 371; x_wconf 89' lang='lat' dir='ltr'><strong>manus</strong></span> <span class='ocrx_word' id='word_1_17' title='bbox 622 334 770 382; x_wconf 84' lang='lat' dir='ltr'><strong>hydrae</strong></span> <span class='ocrx_word' id='word_1_18' title='bbox 800 347 906 372; x_wconf 89' lang='lat' dir='ltr'><strong>mors</strong></span> <span class='ocrx_word' id='word_1_19' title='bbox 936 347 1015 372; x_wconf 88' lang='lat' dir='ltr'><strong>una</strong></span> <span class='ocrx_word' id='word_1_20' title='bbox 1044 334 1191 382; x_wconf 88' lang='lat' dir='ltr'><strong>fuisset,</strong></span> 
     </span>
     <span class='ocr_line' id='line_1_5' title="bbox 193 398 1143 449; baseline 0.001 -12"><span class='ocrx_word' id='word_1_21' title='bbox 193 398 284 437; x_wconf 89' lang='lat' dir='ltr'><strong>huic</strong></span> <span class='ocrx_word' id='word_1_22' title='bbox 313 412 499 449; x_wconf 88' lang='lat' dir='ltr'><strong>percussa</strong></span> <span class='ocrx_word' id='word_1_23' title='bbox 527 400 626 437; x_wconf 89' lang='lat' dir='ltr'><strong>foret</strong></span> <span class='ocrx_word' id='word_1_24' title='bbox 656 406 739 437; x_wconf 90' lang='lat' dir='ltr'><strong>tota</strong></span> <span class='ocrx_word' id='word_1_25' title='bbox 769 398 981 438; x_wconf 80' lang='lat' dir='ltr'><strong>Chimaera</strong></span> <span class='ocrx_word' id='word_1_26' title='bbox 1010 401 1143 438; x_wconf 90' lang='lat' dir='ltr'><strong>semel.</strong></span> 
     </span>
    </p>

    <p class='ocr_par' dir='ltr' id='par_1_4' title="bbox 138 464 1177 581">
     <span class='ocr_line' id='line_1_6' title="bbox 138 464 1177 515; baseline 0.002 -13"><span class='ocrx_word' id='word_1_27' title='bbox 138 464 322 514; x_wconf 79' lang='lat' dir='ltr'><strong>igniferos</strong></span> <span class='ocrx_word' id='word_1_28' title='bbox 352 464 476 514; x_wconf 82' lang='lat' dir='ltr'><strong>possit</strong></span> <span class='ocrx_word' id='word_1_29' title='bbox 505 464 589 503; x_wconf 90' lang='lat' dir='ltr'><strong>sine</strong></span> <span class='ocrx_word' id='word_1_30' title='bbox 619 464 815 504; x_wconf 87' lang='lat' dir='ltr'><strong>Colchide</strong></span> <span class='ocrx_word' id='word_1_31' title='bbox 844 464 1005 515; x_wconf 84' lang='lat' dir='ltr'><strong>iungere</strong></span> <span class='ocrx_word' id='word_1_32' title='bbox 1035 473 1177 513; x_wconf 91' lang='lat' dir='ltr'><strong>tauros,</strong></span> 
     </span>
     <span class='ocr_line' id='line_1_7' title="bbox 193 529 1149 581; baseline 0.001 -13"><span class='ocrx_word' id='word_1_33' title='bbox 193 529 316 580; x_wconf 86' lang='lat' dir='ltr'><strong>possit</strong></span> <span class='ocrx_word' id='word_1_34' title='bbox 346 538 554 580; x_wconf 84' lang='lat' dir='ltr'><strong>utramque</strong></span> <span class='ocrx_word' id='word_1_35' title='bbox 584 531 705 568; x_wconf 89' lang='lat' dir='ltr'><strong>feram</strong></span> <span class='ocrx_word' id='word_1_36' title='bbox 736 530 892 569; x_wconf 89' lang='lat' dir='ltr'><strong>vincere</strong></span> <span class='ocrx_word' id='word_1_37' title='bbox 923 530 1149 581; x_wconf 86' lang='lat' dir='ltr'><strong>Pasiphaes.</strong></span> 
     </span>
    </p>

    <p class='ocr_par' dir='ltr' id='par_1_5' title="bbox 139 595 1159 701">
     <span class='ocr_line' id='line_1_8' title="bbox 139 595 1159 646; baseline 0.002 -13"><span class='ocrx_word' id='word_1_38' title='bbox 139 595 169 633; x_wconf 81' lang='lat' dir='ltr'><strong>si</strong></span> <span class='ocrx_word' id='word_1_39' title='bbox 200 595 259 643; x_wconf 86' lang='lat' dir='ltr'><strong>sit,</strong></span> <span class='ocrx_word' id='word_1_40' title='bbox 291 604 333 633; x_wconf 91' lang='lat' dir='ltr'><strong>ut</strong></span> <span class='ocrx_word' id='word_1_41' title='bbox 363 595 552 646; x_wconf 88' lang='lat' dir='ltr'><strong>aequorei</strong></span> <span class='ocrx_word' id='word_1_42' title='bbox 582 604 789 634; x_wconf 89' lang='lat' dir='ltr'><strong>revocetur</strong></span> <span class='ocrx_word' id='word_1_43' title='bbox 818 597 952 635; x_wconf 87' lang='lat' dir='ltr'><strong>fabula</strong></span> <span class='ocrx_word' id='word_1_44' title='bbox 981 596 1159 644; x_wconf 85' lang='lat' dir='ltr'><strong>monstri,</strong></span> 
     </span>
     <span class='ocr_line' id='line_1_9' title="bbox 195 661 1093 701; baseline 0.001 -1"><span class='ocrx_word' id='word_1_45' title='bbox 195 661 404 700; x_wconf 84' lang='lat' dir='ltr'><strong>Hesionen</strong></span> <span class='ocrx_word' id='word_1_46' title='bbox 434 663 559 700; x_wconf 89' lang='lat' dir='ltr'><strong>solvet</strong></span> <span class='ocrx_word' id='word_1_47' title='bbox 589 663 695 699; x_wconf 93' lang='lat' dir='ltr'><strong>solus</strong></span> <span class='ocrx_word' id='word_1_48' title='bbox 726 669 764 700; x_wconf 91' lang='lat' dir='ltr'><strong>et</strong></span> <span class='ocrx_word' id='word_1_49' title='bbox 793 663 1093 701; x_wconf 88' lang='lat' dir='ltr'><strong>Andromedan.</strong></span> 
     </span>
    </p>

    <p class='ocr_par' dir='ltr' id='par_1_6' title="bbox 142 726 1162 843">
     <span class='ocr_line' id='line_1_10' title="bbox 142 726 1162 778; baseline 0.002 -14"><span class='ocrx_word' id='word_1_50' title='bbox 142 729 365 766; x_wconf 85' lang='lat' dir='ltr'><strong>Herculeae</strong></span> <span class='ocrx_word' id='word_1_51' title='bbox 395 726 522 765; x_wconf 89' lang='lat' dir='ltr'><strong>laudis</strong></span> <span class='ocrx_word' id='word_1_52' title='bbox 553 735 782 765; x_wconf 89' lang='lat' dir='ltr'><strong>numeretur</strong></span> <span class='ocrx_word' id='word_1_53' title='bbox 809 727 956 778; x_wconf 85' lang='lat' dir='ltr'><strong>gloria:</strong></span> <span class='ocrx_word' id='word_1_54' title='bbox 986 729 1074 778; x_wconf 92' lang='lat' dir='ltr'><strong>plus</strong></span> <span class='ocrx_word' id='word_1_55' title='bbox 1104 735 1162 767; x_wconf 89' lang='lat' dir='ltr'><strong>est</strong></span> 
     </span>
     <span class='ocr_line' id='line_1_11' title="bbox 193 792 1021 843; baseline 0.001 -13"><span class='ocrx_word' id='word_1_56' title='bbox 193 792 253 831; x_wconf 80' lang='lat' dir='ltr'><strong>bis</strong></span> <span class='ocrx_word' id='word_1_57' title='bbox 283 794 406 831; x_wconf 88' lang='lat' dir='ltr'><strong>denas</strong></span> <span class='ocrx_word' id='word_1_58' title='bbox 436 792 579 843; x_wconf 87' lang='lat' dir='ltr'><strong>pariter</strong></span> <span class='ocrx_word' id='word_1_59' title='bbox 607 793 881 842; x_wconf 88' lang='lat' dir='ltr'><strong>perdomuisse</strong></span> <span class='ocrx_word' id='word_1_60' title='bbox 910 794 1021 832; x_wconf 88' lang='lat' dir='ltr'><strong>feras.</strong></span> 
     </span>
    </p>
   </div>
   <div class='ocr_carea' id='block_1_3' title="bbox 626 898 814 935">
    <p class='ocr_par' dir='ltr' id='par_1_7' title="bbox 626 898 814 935">
     <span class='ocr_line' id='line_1_12' title="bbox 626 898 814 935; baseline 0.005 -1"><span class='ocrx_word' id='word_1_61' title='bbox 626 898 814 935; x_wconf 88' lang='lat' dir='ltr'>XXVIII</span> 
     </span>
    </p>
   </div>
   <div class='ocr_carea' id='block_1_4' title="bbox 141 976 1335 1738">
    <p class='ocr_par' dir='ltr' id='par_1_8' title="bbox 141 976 1149 1081">
     <span class='ocr_line' id='line_1_13' title="bbox 141 976 1149 1027; baseline 0.002 -12"><span class='ocrx_word' id='word_1_62' title='bbox 141 977 308 1027; x_wconf 84' lang='lat' dir='ltr'><strong>Augusti</strong></span> <span class='ocrx_word' id='word_1_63' title='bbox 338 977 449 1015; x_wconf 90' lang='lat' dir='ltr'><strong>labor</strong></span> <span class='ocrx_word' id='word_1_64' title='bbox 478 976 542 1014; x_wconf 87' lang='lat' dir='ltr'><strong>hic</strong></span> <span class='ocrx_word' id='word_1_65' title='bbox 572 977 697 1015; x_wconf 90' lang='lat' dir='ltr'><strong>fuerat</strong></span> <span class='ocrx_word' id='word_1_66' title='bbox 727 977 975 1016; x_wconf 87' lang='lat' dir='ltr'><strong>committere</strong></span> <span class='ocrx_word' id='word_1_67' title='bbox 1005 979 1149 1017; x_wconf 85' lang='lat' dir='ltr'><strong>classes</strong></span> 
     </span>
     <span class='ocr_line' id='line_1_14' title="bbox 194 1041 891 1081; baseline 0 0"><span class='ocrx_word' id='word_1_68' title='bbox 194 1051 232 1081; x_wconf 90' lang='lat' dir='ltr'><strong>et</strong></span> <span class='ocrx_word' id='word_1_69' title='bbox 261 1043 358 1081; x_wconf 91' lang='lat' dir='ltr'><strong>freta</strong></span> <span class='ocrx_word' id='word_1_70' title='bbox 387 1041 515 1080; x_wconf 90' lang='lat' dir='ltr'><strong>navali</strong></span> <span class='ocrx_word' id='word_1_71' title='bbox 545 1042 755 1081; x_wconf 90' lang='lat' dir='ltr'><strong>sollicitare</strong></span> <span class='ocrx_word' id='word_1_72' title='bbox 784 1043 891 1081; x_wconf 87' lang='lat' dir='ltr'><strong>tuba.</strong></span> 
     </span>
    </p>

    <p class='ocr_par' dir='ltr' id='par_1_9' title="bbox 141 1107 1335 1223">
     <span class='ocr_line' id='line_1_15' title="bbox 141 1107 1335 1158; baseline 0.001 -12"><span class='ocrx_word' id='word_1_73' title='bbox 141 1107 320 1148; x_wconf 78' lang='lat' dir='ltr'><strong>Caesaris</strong></span> <span class='ocrx_word' id='word_1_74' title='bbox 350 1109 449 1146; x_wconf 89' lang='lat' dir='ltr'><strong>haec</strong></span> <span class='ocrx_word' id='word_1_75' title='bbox 479 1107 601 1146; x_wconf 85' lang='lat' dir='ltr'><strong>nostri</strong></span> <span class='ocrx_word' id='word_1_76' title='bbox 632 1121 720 1158; x_wconf 87' lang='lat' dir='ltr'><strong>pars</strong></span> <span class='ocrx_word' id='word_1_77' title='bbox 751 1116 809 1146; x_wconf 88' lang='lat' dir='ltr'><strong>est</strong></span> <span class='ocrx_word' id='word_1_78' title='bbox 839 1110 991 1158; x_wconf 85' lang='lat' dir='ltr'><strong>quota?</strong></span> <span class='ocrx_word' id='word_1_79' title='bbox 1020 1108 1117 1147; x_wconf 88' lang='lat' dir='ltr'><strong>vidit</strong></span> <span class='ocrx_word' id='word_1_80' title='bbox 1147 1109 1186 1147; x_wconf 86' lang='lat' dir='ltr'><strong>in</strong></span> <span class='ocrx_word' id='word_1_81' title='bbox 1218 1109 1335 1148; x_wconf 81' lang='lat' dir='ltr'><strong>undis</strong></span> 
     </span>
     <span class='ocr_line' id='line_1_16' title="bbox 195 1173 1002 1223; baseline 0 -11"><span class='ocrx_word' id='word_1_82' title='bbox 195 1182 233 1212; x_wconf 90' lang='lat' dir='ltr'><strong>et</strong></span> <span class='ocrx_word' id='word_1_83' title='bbox 262 1173 402 1212; x_wconf 90' lang='lat' dir='ltr'><strong>Thetis</strong></span> <span class='ocrx_word' id='word_1_84' title='bbox 431 1173 584 1223; x_wconf 83' lang='lat' dir='ltr'><strong>ignotas</strong></span> <span class='ocrx_word' id='word_1_85' title='bbox 615 1181 652 1212; x_wconf 89' lang='lat' dir='ltr'><strong>et</strong></span> <span class='ocrx_word' id='word_1_86' title='bbox 683 1175 848 1212; x_wconf 82' lang='lat' dir='ltr'><strong>Galatea</strong></span> <span class='ocrx_word' id='word_1_87' title='bbox 878 1175 977 1212; x_wconf 87' lang='lat' dir='ltr'><strong>feras</strong></span> <span class='ocrx_word' id='word_1_88' title='bbox 993 1189 1002 1222; x_wconf 77' lang='lat'>3</span> 
     </span>
    </p>

    <p class='ocr_par' dir='ltr' id='par_1_10' title="bbox 141 1239 1114 1358">
     <span class='ocr_line' id='line_1_17' title="bbox 141 1239 1114 1290; baseline 0.002 -13"><span class='ocrx_word' id='word_1_89' title='bbox 141 1239 237 1287; x_wconf 79' lang='lat' dir='ltr'><strong>vidit</strong></span> <span class='ocrx_word' id='word_1_90' title='bbox 267 1239 306 1277; x_wconf 87' lang='lat' dir='ltr'><strong>in</strong></span> <span class='ocrx_word' id='word_1_91' title='bbox 335 1252 535 1290; x_wconf 88' lang='lat' dir='ltr'><strong>aequoreo</strong></span> <span class='ocrx_word' id='word_1_92' title='bbox 565 1240 759 1278; x_wconf 87' lang='lat' dir='ltr'><strong>ferventes</strong></span> <span class='ocrx_word' id='word_1_93' title='bbox 788 1241 950 1289; x_wconf 86' lang='lat' dir='ltr'><strong>pulvere</strong></span> <span class='ocrx_word' id='word_1_94' title='bbox 979 1254 1114 1279; x_wconf 89' lang='lat' dir='ltr'><strong>currus</strong></span> 
     </span>
     <span class='ocr_line' id='line_1_18' title="bbox 196 1304 1056 1358; baseline 0.001 -14"><span class='ocrx_word' id='word_1_95' title='bbox 196 1314 233 1344; x_wconf 85' lang='lat' dir='ltr'><strong>et</strong></span> <span class='ocrx_word' id='word_1_96' title='bbox 263 1305 416 1358; x_wconf 86' lang='lat' dir='ltr'><strong>domini</strong></span> <span class='ocrx_word' id='word_1_97' title='bbox 447 1304 587 1343; x_wconf 87' lang='lat' dir='ltr'><strong>Triton</strong></span> <span class='ocrx_word' id='word_1_98' title='bbox 617 1305 693 1344; x_wconf 89' lang='lat' dir='ltr'><strong>isse</strong></span> <span class='ocrx_word' id='word_1_99' title='bbox 723 1305 875 1356; x_wconf 87' lang='lat' dir='ltr'><strong>putavit</strong></span> <span class='ocrx_word' id='word_1_100' title='bbox 906 1320 1056 1356; x_wconf 85' lang='lat' dir='ltr'><strong>equos:</strong></span> 
     </span>
    </p>

    <p class='ocr_par' dir='ltr' id='par_1_11' title="bbox 142 1371 1276 1488">
     <span class='ocr_line' id='line_1_19' title="bbox 142 1371 1276 1422; baseline 0.001 -13"><span class='ocrx_word' id='word_1_101' title='bbox 142 1373 319 1421; x_wconf 84' lang='lat' dir='ltr'><strong>dumque</strong></span> <span class='ocrx_word' id='word_1_102' title='bbox 349 1379 459 1421; x_wconf 90' lang='lat' dir='ltr'><strong>parat</strong></span> <span class='ocrx_word' id='word_1_103' title='bbox 488 1371 613 1409; x_wconf 88' lang='lat' dir='ltr'><strong>saevis</strong></span> <span class='ocrx_word' id='word_1_104' title='bbox 644 1371 791 1409; x_wconf 88' lang='lat' dir='ltr'><strong>ratibus</strong></span> <span class='ocrx_word' id='word_1_105' title='bbox 822 1373 902 1410; x_wconf 88' lang='lat' dir='ltr'><strong>fera</strong></span> <span class='ocrx_word' id='word_1_106' title='bbox 932 1372 1081 1422; x_wconf 88' lang='lat' dir='ltr'><strong>proelia</strong></span> <span class='ocrx_word' id='word_1_107' title='bbox 1111 1373 1276 1420; x_wconf 87' lang='lat' dir='ltr'><strong>Nereus,</strong></span> 
     </span>
     <span class='ocr_line' id='line_1_20' title="bbox 197 1436 1067 1488; baseline 0.001 -13"><span class='ocrx_word' id='word_1_108' title='bbox 197 1437 347 1476; x_wconf 89' lang='lat' dir='ltr'><strong>horruit</strong></span> <span class='ocrx_word' id='word_1_109' title='bbox 377 1437 415 1475; x_wconf 93' lang='lat' dir='ltr'><strong>in</strong></span> <span class='ocrx_word' id='word_1_110' title='bbox 447 1436 607 1486; x_wconf 85' lang='lat' dir='ltr'><strong>liquidis</strong></span> <span class='ocrx_word' id='word_1_111' title='bbox 637 1437 691 1475; x_wconf 91' lang='lat' dir='ltr'><strong>ire</strong></span> <span class='ocrx_word' id='word_1_112' title='bbox 721 1437 914 1487; x_wconf 89' lang='lat' dir='ltr'><strong>pedestris</strong></span> <span class='ocrx_word' id='word_1_113' title='bbox 943 1438 1067 1488; x_wconf 84' lang='lat' dir='ltr'><strong>aquis.</strong></span> 
     </span>
    </p>

    <p class='ocr_par' dir='ltr' id='par_1_12' title="bbox 142 1502 1267 1618">
     <span class='ocr_line' id='line_1_21' title="bbox 142 1502 1267 1554; baseline 0.003 -15"><span class='ocrx_word' id='word_1_114' title='bbox 142 1502 338 1553; x_wconf 82' lang='lat' dir='ltr'><strong>quidquid</strong></span> <span class='ocrx_word' id='word_1_115' title='bbox 368 1511 406 1541; x_wconf 88' lang='lat' dir='ltr'><strong>et</strong></span> <span class='ocrx_word' id='word_1_116' title='bbox 435 1502 475 1540; x_wconf 88' lang='lat' dir='ltr'><strong>in</strong></span> <span class='ocrx_word' id='word_1_117' title='bbox 506 1502 623 1542; x_wconf 88' lang='lat' dir='ltr'><strong>Circo</strong></span> <span class='ocrx_word' id='word_1_118' title='bbox 653 1511 852 1552; x_wconf 90' lang='lat' dir='ltr'><strong>spectatur</strong></span> <span class='ocrx_word' id='word_1_119' title='bbox 881 1511 919 1541; x_wconf 90' lang='lat' dir='ltr'><strong>et</strong></span> <span class='ocrx_word' id='word_1_120' title='bbox 948 1503 1267 1554; x_wconf 88' lang='lat' dir='ltr'><strong>Amphitheatro,</strong></span> 
     </span>
     <span class='ocr_line' id='line_1_22' title="bbox 196 1568 1002 1618; baseline -0.001 -11"><span class='ocrx_word' id='word_1_121' title='bbox 196 1569 306 1607; x_wconf 86' lang='lat' dir='ltr'><strong>dives</strong></span> <span class='ocrx_word' id='word_1_122' title='bbox 337 1570 531 1608; x_wconf 89' lang='lat' dir='ltr'><strong>Caesarea</strong></span> <span class='ocrx_word' id='word_1_123' title='bbox 561 1568 753 1618; x_wconf 86' lang='lat' dir='ltr'><strong>praestitit</strong></span> <span class='ocrx_word' id='word_1_124' title='bbox 783 1569 891 1607; x_wconf 91' lang='lat' dir='ltr'><strong>unda</strong></span> <span class='ocrx_word' id='word_1_125' title='bbox 921 1568 1002 1606; x_wconf 88' lang='lat' dir='ltr'><strong>tibi.</strong></span> 
     </span>
    </p>

    <p class='ocr_par' dir='ltr' id='par_1_13' title="bbox 147 1633 1178 1738">
     <span class='ocr_line' id='line_1_23' title="bbox 147 1633 1178 1684; baseline 0 -12"><span class='ocrx_word' id='word_1_126' title='bbox 147 1634 317 1673; x_wconf 86' lang='lat' dir='ltr'><strong>Fucinus</strong></span> <span class='ocrx_word' id='word_1_127' title='bbox 347 1642 385 1672; x_wconf 91' lang='lat' dir='ltr'><strong>et</strong></span> <span class='ocrx_word' id='word_1_128' title='bbox 415 1633 551 1684; x_wconf 82' lang='lat' dir='ltr'><strong>†tigri†</strong></span> <span class='ocrx_word' id='word_1_129' title='bbox 582 1642 786 1672; x_wconf 87' lang='lat' dir='ltr'><strong>taceantur</strong></span> <span class='ocrx_word' id='word_1_130' title='bbox 815 1642 952 1684; x_wconf 83' lang='lat' dir='ltr'><strong>stagna</strong></span> <span class='ocrx_word' id='word_1_131' title='bbox 982 1633 1178 1672; x_wconf 86' lang='lat' dir='ltr'><strong>Neronis:</strong></span> 
     </span>
     <span class='ocr_line' id='line_1_24' title="bbox 198 1699 1119 1738; baseline -0.001 0"><span class='ocrx_word' id='word_1_132' title='bbox 198 1702 300 1738; x_wconf 86' lang='lat' dir='ltr'><strong>hanc</strong></span> <span class='ocrx_word' id='word_1_133' title='bbox 330 1699 461 1738; x_wconf 85' lang='lat' dir='ltr'><strong>norint</strong></span> <span class='ocrx_word' id='word_1_134' title='bbox 491 1713 611 1738; x_wconf 87' lang='lat' dir='ltr'><strong>unam</strong></span> <span class='ocrx_word' id='word_1_135' title='bbox 642 1701 799 1738; x_wconf 88' lang='lat' dir='ltr'><strong>saecula</strong></span> <span class='ocrx_word' id='word_1_136' title='bbox 829 1699 1119 1738; x_wconf 86' lang='lat' dir='ltr'><strong>naumachiam.</strong></span> 
     </span>
    </p>
   </div>
   <div class='ocr_carea' id='block_1_5' title="bbox 663 1807 805 1843">
    <p class='ocr_par' dir='ltr' id='par_1_14' title="bbox 663 1807 805 1843">
     <span class='ocr_line' id='line_1_25' title="bbox 663 1807 805 1843; baseline 0 -1"><span class='ocrx_word' id='word_1_137' title='bbox 663 1807 805 1843; x_wconf 91' lang='lat' dir='ltr'>XXIX</span> 
     </span>
    </p>
   </div>
   <div class='ocr_carea' id='block_1_6' title="bbox 144 1887 1264 2134">
    <p class='ocr_par' dir='ltr' id='par_1_15' title="bbox 144 1887 1264 2003">
     <span class='ocr_line' id='line_1_26' title="bbox 144 1887 1264 1934; baseline -0.001 -8"><span class='ocrx_word' id='word_1_138' title='bbox 144 1889 246 1926; x_wconf 82' lang='lat' dir='ltr'><strong>Cum</strong></span> <span class='ocrx_word' id='word_1_139' title='bbox 279 1889 447 1926; x_wconf 88' lang='lat' dir='ltr'><strong>traheret</strong></span> <span class='ocrx_word' id='word_1_140' title='bbox 479 1887 647 1934; x_wconf 88' lang='lat' dir='ltr'><strong>Priscus,</strong></span> <span class='ocrx_word' id='word_1_141' title='bbox 680 1888 849 1925; x_wconf 83' lang='lat' dir='ltr'><strong>traheret</strong></span> <span class='ocrx_word' id='word_1_142' title='bbox 880 1887 1096 1926; x_wconf 85' lang='lat' dir='ltr'><strong>certamina</strong></span> <span class='ocrx_word' id='word_1_143' title='bbox 1126 1889 1264 1934; x_wconf 90' lang='lat' dir='ltr'><strong>Verus,</strong></span> 
     </span>
     <span class='ocr_line' id='line_1_27' title="bbox 197 1952 1057 2003; baseline 0 -12"><span class='ocrx_word' id='word_1_144' title='bbox 197 1961 299 1991; x_wconf 88' lang='lat' dir='ltr'><strong>esset</strong></span> <span class='ocrx_word' id='word_1_145' title='bbox 328 1960 366 1992; x_wconf 88' lang='lat' dir='ltr'><strong>et</strong></span> <span class='ocrx_word' id='word_1_146' title='bbox 395 1952 572 2003; x_wconf 83' lang='lat' dir='ltr'><strong>aequalis</strong></span> <span class='ocrx_word' id='word_1_147' title='bbox 604 1954 713 1991; x_wconf 88' lang='lat' dir='ltr'><strong>Mars</strong></span> <span class='ocrx_word' id='word_1_148' title='bbox 743 1952 947 2002; x_wconf 84' lang='lat' dir='ltr'><strong>utriusque</strong></span> <span class='ocrx_word' id='word_1_149' title='bbox 977 1952 1057 2000; x_wconf 91' lang='lat' dir='ltr'><strong>diu,</strong></span> 
     </span>
    </p>

    <p class='ocr_par' dir='ltr' id='par_1_16' title="bbox 144 2018 1186 2134">
     <span class='ocr_line' id='line_1_28' title="bbox 144 2018 1186 2069; baseline 0 -13"><span class='ocrx_word' id='word_1_150' title='bbox 144 2018 278 2057; x_wconf 80' lang='lat' dir='ltr'><strong>missio</strong></span> <span class='ocrx_word' id='word_1_151' title='bbox 309 2032 426 2069; x_wconf 87' lang='lat' dir='ltr'><strong>saepe</strong></span> <span class='ocrx_word' id='word_1_152' title='bbox 456 2018 545 2056; x_wconf 87' lang='lat' dir='ltr'><strong>viris</strong></span> <span class='ocrx_word' id='word_1_153' title='bbox 576 2032 720 2068; x_wconf 86' lang='lat' dir='ltr'><strong>magno</strong></span> <span class='ocrx_word' id='word_1_154' title='bbox 750 2020 923 2057; x_wconf 88' lang='lat' dir='ltr'><strong>clamore</strong></span> <span class='ocrx_word' id='word_1_155' title='bbox 952 2018 1076 2069; x_wconf 86' lang='lat' dir='ltr'><strong>petita</strong></span> <span class='ocrx_word' id='word_1_156' title='bbox 1104 2026 1186 2066; x_wconf 68' lang='lat' dir='ltr'><strong>est,</strong></span> 
     </span>
     <span class='ocr_line' id='line_1_29' title="bbox 196 2083 1025 2134; baseline 0 -12"><span class='ocrx_word' id='word_1_157' title='bbox 196 2085 266 2122; x_wconf 89' lang='lat' dir='ltr'><strong>sed</strong></span> <span class='ocrx_word' id='word_1_158' title='bbox 298 2085 443 2124; x_wconf 91' lang='lat' dir='ltr'><strong>Caesar</strong></span> <span class='ocrx_word' id='word_1_159' title='bbox 473 2083 548 2134; x_wconf 82' lang='lat' dir='ltr'><strong>legi</strong></span> <span class='ocrx_word' id='word_1_160' title='bbox 577 2083 706 2134; x_wconf 87' lang='lat' dir='ltr'><strong>paruit</strong></span> <span class='ocrx_word' id='word_1_161' title='bbox 736 2083 820 2134; x_wconf 90' lang='lat' dir='ltr'><strong>ipse</strong></span> <span class='ocrx_word' id='word_1_162' title='bbox 850 2098 945 2122; x_wconf 90' lang='lat' dir='ltr'><strong>suae</strong></span> <span class='ocrx_word' id='word_1_163' title='bbox 962 2099 1025 2122; x_wconf 80' lang='lat' dir='ltr'><strong>z·—</strong></span> 
     </span>
    </p>
   </div>
   <div class='ocr_carea' id='block_1_7' title="bbox 1441 680 1479 701">
    <p class='ocr_par' dir='ltr' id='par_1_17' title="bbox 1441 680 1479 701">
     <span class='ocr_line' id='line_1_30' title="bbox 1441 680 1479 701; baseline 0.053 -2"><span class='ocrx_word' id='word_1_164' title='bbox 1441 680 1479 701; x_wconf 85' lang='lat'><strong>10</strong></span> 
     </span>
    </p>
   </div>
   <div class='ocr_carea' id='block_1_8' title="bbox 1446 1585 1483 1605">
    <p class='ocr_par' dir='ltr' id='par_1_18' title="bbox 1446 1585 1483 1605">
     <span class='ocr_line' id='line_1_31' title="bbox 1446 1585 1483 1605; baseline 0.027 -1"><span class='ocrx_word' id='word_1_165' title='bbox 1446 1585 1483 1605; x_wconf 91' lang='lat'><strong>10</strong></span> 
     </span>
    </p>
   </div>
   <div class='ocr_carea' id='block_1_9' title="bbox 187 2187 1483 2228">
    <p class='ocr_par' dir='ltr' id='par_1_19' title="bbox 187 2187 1483 2228">
     <span class='ocr_line' id='line_1_32' title="bbox 187 2187 1483 2228; baseline -0.002 -10"><span class='ocrx_word' id='word_1_166' title='bbox 187 2188 321 2219; x_wconf 92' lang='lat' dir='ltr'>XXVII</span> <span class='ocrx_word' id='word_1_167' title='bbox 350 2199 366 2227; x_wconf 93' lang='lat'><strong>7</strong></span> <span class='ocrx_word' id='word_1_168' title='bbox 392 2189 459 2228; x_wconf 87' lang='lat' dir='ltr'><strong>ign.</strong></span> <span class='ocrx_word' id='word_1_169' title='bbox 492 2188 571 2220; x_wconf 66' lang='lat' dir='ltr'><strong>AA:</strong></span> <span class='ocrx_word' id='word_1_170' title='bbox 613 2188 793 2228; x_wconf 85' lang='lat' dir='ltr'><strong>ignipedes</strong></span> <span class='ocrx_word' id='word_1_171' title='bbox 824 2189 899 2220; x_wconf 83' lang='lat' dir='ltr'><em>Ital.</em></span> <span class='ocrx_word' id='word_1_172' title='bbox 1103 2189 1245 2227; x_wconf 84' lang='lat' dir='ltr'><strong>iungere</strong></span> <span class='ocrx_word' id='word_1_173' title='bbox 1279 2187 1483 2217; x_wconf 56' lang='lat' dir='ltr'><strong>Gronovius:</strong></span> 
     </span>
    </p>
   </div>
   <div class='ocr_carea' id='block_1_10' title="bbox 144 2231 1431 2272">
    <p class='ocr_par' dir='ltr' id='par_1_20' title="bbox 144 2231 1431 2272">
     <span class='ocr_line' id='line_1_33' title="bbox 144 2231 1431 2272; baseline -0.002 -10"><span class='ocrx_word' id='word_1_174' title='bbox 144 2234 281 2263; x_wconf 86' lang='lat' dir='ltr'><strong>uincere</strong></span> <span class='ocrx_word' id='word_1_175' title='bbox 300 2233 339 2262; x_wconf 93' lang='lat' dir='ltr'><em>H</em></span> <span class='ocrx_word' id='word_1_176' title='bbox 470 2243 498 2272; x_wconf 81' lang='lat'><strong>7,</strong></span> <span class='ocrx_word' id='word_1_177' title='bbox 516 2233 536 2262; x_wconf 89' lang='grc'>8</span> <span class='ocrx_word' id='word_1_178' title='bbox 560 2238 675 2272; x_wconf 84' lang='lat' dir='ltr'><strong>posset</strong></span> <span class='ocrx_word' id='word_1_179' title='bbox 691 2232 767 2263; x_wconf 80' lang='lat' dir='ltr'><em>Ital.</em></span> <span class='ocrx_word' id='word_1_180' title='bbox 904 2243 926 2271; x_wconf 91' lang='lat'><strong>9</strong></span> <span class='ocrx_word' id='word_1_181' title='bbox 949 2232 992 2262; x_wconf 90' lang='lat' dir='ltr'><strong>sit</strong></span> <span class='ocrx_word' id='word_1_182' title='bbox 1009 2238 1044 2263; x_wconf 87' lang='lat' dir='ltr'><strong>ut</strong></span> <span class='ocrx_word' id='word_1_183' title='bbox 1062 2232 1222 2262; x_wconf 78' lang='lat' dir='ltr'><strong>Heinsius</strong></span> <span class='ocrx_word' id='word_1_184' title='bbox 1238 2243 1244 2261; x_wconf 90' lang='lat'>:</span> <span class='ocrx_word' id='word_1_185' title='bbox 1272 2231 1356 2262; x_wconf 88' lang='lat' dir='ltr'><strong>situs</strong></span> <span class='ocrx_word' id='word_1_186' title='bbox 1372 2231 1431 2260; x_wconf 67' lang='grc' dir='ltr'><strong>ΛΑ</strong></span> 
     </span>
    </p>
   </div>
   <div class='ocr_carea' id='block_1_11' title="bbox 148 2274 1484 2405">
    <p class='ocr_par' dir='ltr' id='par_1_21' title="bbox 148 2274 1484 2405">
     <span class='ocr_line' id='line_1_34' title="bbox 187 2274 1484 2307; baseline -0.003 -1"><span class='ocrx_word' id='word_1_187' title='bbox 187 2276 339 2306; x_wconf 87' lang='lat' dir='ltr'>XXVIII</span> <span class='ocrx_word' id='word_1_188' title='bbox 366 2276 437 2307; x_wconf 74' lang='lat' dir='ltr'><strong>lzab.</strong></span> <span class='ocrx_word' id='word_1_189' title='bbox 452 2275 492 2306; x_wconf 92' lang='lat' dir='ltr'><em>H</em></span> <span class='ocrx_word' id='word_1_190' title='bbox 573 2279 594 2307; x_wconf 89' lang='lat'>6</span> <span class='ocrx_word' id='word_1_191' title='bbox 618 2276 745 2306; x_wconf 85' lang='lat' dir='ltr'><strong>domini</strong></span> <span class='ocrx_word' id='word_1_192' title='bbox 765 2276 859 2306; x_wconf 83' lang='lat' dir='ltr'><strong>Ital.:</strong></span> <span class='ocrx_word' id='word_1_193' title='bbox 880 2276 970 2306; x_wconf 82' lang='lat' dir='ltr'><strong>domi</strong></span> <span class='ocrx_word' id='word_1_194' title='bbox 985 2276 1025 2306; x_wconf 92' lang='lat' dir='ltr'><em>H</em></span> <span class='ocrx_word' id='word_1_195' title='bbox 1112 2278 1132 2306; x_wconf 82' lang='lat'>8</span> <span class='ocrx_word' id='word_1_196' title='bbox 1157 2276 1205 2305; x_wconf 84' lang='lat' dir='ltr'><strong>ire</strong></span> <span class='ocrx_word' id='word_1_197' title='bbox 1223 2275 1297 2305; x_wconf 74' lang='lat' dir='ltr'><em>Ital.</em></span> <span class='ocrx_word' id='word_1_198' title='bbox 1315 2286 1321 2304; x_wconf 90' lang='lat'>:</span> <span class='ocrx_word' id='word_1_199' title='bbox 1346 2285 1409 2304; x_wconf 77' lang='lat'><em>0111.</em></span> <span class='ocrx_word' id='word_1_200' title='bbox 1425 2274 1484 2302; x_wconf 66' lang='grc' dir='ltr'><strong>ΛΑ</strong></span> 
     </span>
     <span class='ocr_line' id='line_1_35' title="bbox 148 2318 1481 2361; baseline -0.002 -12"><span class='ocrx_word' id='word_1_201' title='bbox 148 2331 185 2350; x_wconf 87' lang='lat'><strong>10</strong></span> <span class='ocrx_word' id='word_1_202' title='bbox 209 2320 325 2360; x_wconf 64' lang='lat' dir='ltr'><strong>Caes]</strong></span> <span class='ocrx_word' id='word_1_203' title='bbox 345 2320 482 2357; x_wconf 78' lang='lat' dir='ltr'><strong>Caesar,</strong></span> <span class='ocrx_word' id='word_1_204' title='bbox 503 2321 533 2350; x_wconf 88' lang='lat' dir='ltr'><strong>io</strong></span> <span class='ocrx_word' id='word_1_205' title='bbox 550 2320 709 2350; x_wconf 76' lang='lat' dir='ltr'><strong>Heinsius</strong></span> <span class='ocrx_word' id='word_1_206' title='bbox 777 2320 853 2361; x_wconf 80' lang='lat' dir='ltr'><strong>tibi]</strong></span> <span class='ocrx_word' id='word_1_207' title='bbox 881 2320 973 2350; x_wconf 84' lang='lat' dir='ltr'><strong>trabe</strong></span> <span class='ocrx_word' id='word_1_208' title='bbox 997 2319 1124 2359; x_wconf 76' lang='lat' dir='ltr'><strong>Seugcr</strong></span> <span class='ocrx_word' id='word_1_209' title='bbox 1139 2319 1244 2358; x_wconf 47' lang='lat' dir='ltr'><strong>rFilol.</strong></span> <span class='ocrx_word' id='word_1_210' title='bbox 1267 2318 1379 2348; x_wconf 76' lang='lat' dir='ltr'><strong>Obosr.</strong></span> <span class='ocrx_word' id='word_1_211' title='bbox 1399 2328 1427 2347; x_wconf 86' lang='lat' dir='ltr'><strong>v.</strong></span> <span class='ocrx_word' id='word_1_212' title='bbox 1454 2319 1481 2347; x_wconf 55' lang='grc' dir='ltr'>ἢ</span> 
     </span>
     <span class='ocr_line' id='line_1_36' title="bbox 148 2360 1484 2405; baseline -0.003 -12"><span class='ocrx_word' id='word_1_213' title='bbox 148 2375 156 2393; x_wconf 83' lang='lat'>1</span> <span class='ocrx_word' id='word_1_214' title='bbox 170 2376 178 2393; x_wconf 82' lang='lat'>1</span> <span class='ocrx_word' id='word_1_215' title='bbox 202 2364 287 2403; x_wconf 84' lang='lat' dir='ltr'><strong>pigri</strong></span> <span class='ocrx_word' id='word_1_216' title='bbox 298 2364 370 2395; x_wconf 81' lang='lat' dir='ltr'><em>Ital.</em></span> <span class='ocrx_word' id='word_1_217' title='bbox 386 2375 392 2395; x_wconf 90' lang='lat'>:</span> <span class='ocrx_word' id='word_1_218' title='bbox 410 2364 472 2394; x_wconf 85' lang='lat' dir='ltr'><strong>diri</strong></span> <span class='ocrx_word' id='word_1_219' title='bbox 486 2364 646 2394; x_wconf 79' lang='lat' dir='ltr'><strong>Heinsius</strong></span> <span class='ocrx_word' id='word_1_220' title='bbox 661 2375 668 2394; x_wconf 75' lang='grc' dir='ltr'>ι</span> <span class='ocrx_word' id='word_1_221' title='bbox 685 2363 759 2394; x_wconf 87' lang='lat' dir='ltr'><strong>duri</strong></span> <span class='ocrx_word' id='word_1_222' title='bbox 772 2365 812 2405; x_wconf 69' lang='grc' dir='ltr'><strong>(ἓ)</strong></span> <span class='ocrx_word' id='word_1_223' title='bbox 827 2363 1058 2393; x_wconf 73' lang='lat' dir='ltr'><strong>Friedlacnder</strong></span> <span class='ocrx_word' id='word_1_224' title='bbox 1189 2362 1309 2392; x_wconf 88' lang='lat' dir='ltr'>XXIX</span> <span class='ocrx_word' id='word_1_225' title='bbox 1325 2361 1396 2391; x_wconf 76' lang='lat' dir='ltr'><strong>hab.</strong></span> <span class='ocrx_word' id='word_1_226' title='bbox 1413 2360 1484 2389; x_wconf 76' lang='lat' dir='ltr'><strong>HR</strong></span> 
     </span>
    </p>
   </div>
  </div>
 </body>
</html>
