1684 2763
507 153 688 193 INDEX
726 157 983 196 EPIGRAM
994 161 1193 201 MATON

246 260 435 292 Attenuare
454 263 549 294 nives
567 270 690 295 norunt
708 271 741 296 et
757 266 861 296 lintea
879 274 994 299 nostra
1041 270 1132 308 XIV,
1158 282 1228 311 104.

246 303 358 335 Attica
376 311 567 337 nectareum
586 308 726 339 turbatis
743 310 840 340 mella
858 310 1035 343 Falernum
1083 314 1179 353 XIII,
1201 317 1271 347 108.

245 349 368 387 Attice,
388 349 549 381 facundae
567 361 710 382 renovas
726 353 782 391 qui
800 354 937 384 nomina
955 356 1068 393 gentis
1114 357 1188 397 VII,
1209 369 1259 397 32.

244 390 357 422 Audet
374 392 516 423 facundo
532 394 588 433 qui
607 396 755 426 carmina
772 397 904 427 mittere
922 398 1055 430 Nervae
1098 399 1158 439 IX,
1178 406 1228 433 20.

243 433 402 466 Audieris
419 437 452 465 in
471 447 546 476 quo,
569 437 696 477 Flacco,
716 439 836 470 balneo
855 441 1006 479 plausum
1056 443 1116 481 IX,
1135 454 1186 483 33.

244 477 391 508 Auditur
407 486 569 518 quantum
590 481 738 521 Massyla
755 493 816 522 per
832 485 906 519 avia
925 496 1074 516 murmur
1119 487 1211 526 VIII,
1226 499 1278 527 53.

242 520 385 559 Augusti
403 523 497 553 labor
513 525 566 554 hie
584 524 692 556 suerat
708 527 917 558 committere
937 529 1062 561 classes
1109 531 1168 571 Ep.
1190 534 1240 561 28.

244 564 401 603 Augusto
420 567 475 605 pia
491 571 564 598 tura
582 568 803 609 victimasque
850 571 942 610 VIII,
962 574 1014 604 66.

245 607 358 638 Aurea
376 611 559 649 porrigitur
576 611 647 642 Iani
665 619 802 652 caryota
821 614 987 646 Kalendis
1035 616 1131 656 XIII,
1151 627 1202 657 27.

242 650 401 683 Aureolis
420 654 502 684 futui
520 665 593 685 cum
611 657 718 694 possit
736 657 832 687 Galla
847 659 976 689 duobus
1025 659 1084 698 IX,
1104 672 1133 699 4.

242 695 436 726 Auriculam
455 697 564 729 Mario
582 700 730 737 graviter
747 701 881 731 miraris
897 703 990 733 olere
1037 702 1098 742 111,
1120 705 1171 734 28.

242 737 311 768 Aut
329 740 511 779 Corcyraei
530 747 607 772 sunt
625 743 707 773 haec
726 744 768 774 de
785 744 960 776 frondibus
976 747 1066 777 horti
1113 747 1208 787 XIII,
1228 759 1278 788 37.

243 824 358 855 Baetis
375 826 529 857 olivifera
547 828 673 859 crinem
694 830 847 860 redimite
866 841 993 862 corona
1039 833 1118 872 XII,
1137 835 1189 873 98.

243 868 369 900 Baiana
387 872 493 900 nostri
512 872 600 910 villa,
622 872 739 911 Basse,
762 873 913 905 Faustini
961 875 1021 915 ΙΙΙ,
1041 878 1093 915 58.

243 911 372 943 Baiano
389 915 505 951 procul
523 925 541 944 a
559 916 643 954 lacu,
664 927 839 947 monemus
889 918 945 957 IV,
965 929 1017 958 30.

244 955 398 986 Balsama
417 968 469 987 me
487 959 633 997 capiunt,
654 960 736 990 haec
753 966 831 991 sunt
849 968 1022 1000 unguenta
1039 964 1185 994 virorum
1234 965 1324 1007 XIV,
1345 978 1396 1007 59.

242 999 391 1030 Barbara
407 1001 448 1030 de
469 1002 567 1040 pictis
583 1002 657 1032 veni
677 1003 842 1034 bascauda
861 1005 1032 1037 Britannis
1082 1007 1172 1043 XIV,
1191 1019 1244 1048 99.

243 1041 391 1074 P-arbara
409 1046 622 1083 pyramidum
640 1046 737 1077 sileat
754 1048 912 1078 miracula
930 1049 1100 1088 Memphis
1147 1052 1203 1091 Ep.
1228 1063 1252 1083 ι.

244 1086 408 1117 Barbatus
426 1088 534 1126 rigido
553 1089 667 1128 nupsit
684 1089 897 1121 Callistratus
915 1092 998 1122 Al'ro
1044 1093 1121 1132 XII,
1140 1105 1191 1133 42.

241 1130 342 1159 Basia
359 1131 399 1160 da
414 1132 522 1170 nobis,
545 1131 765 1173 Diadumene,
787 1145 913 1173 pressa.
963 1136 1094 1174 ‘Quot'
1114 1139 1248 1177 inquis?
1292 1139 1348 1179 VI,
1368 1151 1420 1179 34.

241 1173 340 1203 Basia
357 1175 417 1204 das
432 1175 517 1214 aliis,
538 1175 612 1206 aliis
628 1176 700 1215 das,
717 1177 886 1217 Postume,
908 1179 1061 1210 dextram
1110 1180 1152 1220 ΙΙ,
1173 1193 1224 1213 21.

240 1216 340 1246 Basia
358 1218 435 1247 dum
456 1219 533 1249 nolo
553 1219 617 1249 nisi
634 1230 719 1258 quae
736 1221 899 1252 luctantia
916 1225 1025 1262 carpsi
1074 1224 1112 1263 V,
1129 1227 1181 1263 46.

240 1259 332 1289 Bella
350 1271 396 1299 es,
416 1263 580 1302 novimus,
599 1267 632 1293 et
648 1264 769 1303 puella,
786 1275 904 1295 verum
921 1271 972 1296 est
1019 1267 1044 1305 I,
1063 1269 1116 1306 64.

239 1303 390 1342 Belliger
405 1305 539 1336 invictis
556 1307 646 1345 quod
666 1307 755 1338 Mars
774 1308 831 1338 tibi
848 1310 950 1340 servit
967 1310 999 1339 in
1018 1312 1117 1341 armis
1162 1311 1221 1352 Ep.
1238 1314 1270 1345 6.

238 1346 354 1377 Bellus
373 1349 474 1378 homo
492 1353 525 1379 et
541 1359 684 1388 magnus
701 1352 751 1381 vis
770 1352 868 1391 idem,
887 1351 1001 1392 Cotta,
1024 1355 1129 1384 videri
1177 1355 1202 1395 Ι,
1220 1367 1250 1395 9.

239 1390 297 1420 Bis
314 1390 416 1421 Cotta
433 1391 546 1423 soleas
562 1394 752 1432 perdidisse
769 1405 805 1425 se
823 1401 963 1434 questus
1010 1397 1088 1435 XII,
1107 1399 1159 1436 87.

238 1433 295 1464 Bis
311 1435 559 1474 quinquagenis
576 1438 696 1467 domus
713 1443 763 1468 est
780 1438 839 1468 tibi
857 1440 989 1470 milibus
1007 1447 1119 1480 empta
1166 1441 1247 1482 XII,
1265 1445 1318 1474 66.

239 1477 294 1507 Bis
311 1478 371 1508 t1bi
390 1479 509 1508 triceni
528 1479 661 1518 suimus,
683 1481 851 1519 Mancine,
870 1484 979 1513 vocati
1026 1484 1051 1522 Ι,
1071 1495 1124 1523 43.

239 1521 295 1550 His
312 1522 423 1551 vicine
442 1522 681 1561 Nepos—nam
699 1530 733 1554 tu
751 1535 885 1564 quoque
903 1528 1058 1565 proxima
1076 1528 1197 1559 Florae
1243 1529 1300 1570 Vl,
1321 1539 1372 1569 27.

238 1565 374 1595 Boletos
392 1570 424 1594 et
441 1576 561 1605 aprum
577 1567 604 1596 si
622 1572 790 1606 tamquam
808 1570 885 1599 vilia
901 1571 1002 1608 ponis
1047 1571 1126 1611 XII,
1146 1573 1199 1611 48.

238 1607 362 1638 Bruma
379 1614 429 1639 est
446 1614 479 1639 et
497 1610 583 1648 riget
600 1611 759 1641 horridus
779 1611 967 1643 December
1012 1614 1087 1654 VII,
1106 1626 1148 1655 95

236 1651 383 1682 Brumae
401 1652 520 1684 diebus
536 1653 696 1693 feriisque
714 1655 852 1685 Saturni
898 1656 975 1697 XII,
996 1658 1048 1689 81.

234 1733 389 1764 Caecuba
407 1734 579 1765 Fundanis
594 1745 764 1774 generosa
782 1742 946 1767 cocuntur
961 1737 1113 1778 Amyclis
1160 1740 1255 1781 XIII,
1279 1751 1352 1781 115.

234 1778 348 1808 Caede
366 1777 584 1808 iuvencorum
601 1780 727 1809 domini
745 1781 831 1810 calet
847 1791 926 1811 area
944 1781 1024 1812 felix
1069 1783 1160 1822 XIV,
1178 1795 1208 1823 4.

233 1821 390 1851 Caelatus
406 1822 465 1851 tibi
482 1832 554 1852 cum
570 1823 623 1862 sit,
643 1822 804 1853 Anniane
850 1823 906 1864 VI,
924 1835 976 1863 92.

233 1864 422 1895 Caeretana
440 1866 558 1904 Nepos
577 1872 688 1905 ponat,
712 1867 831 1897 Setina
849 1869 982 1906 putabis
1030 1869 1127 1908 XIII,
1149 1881 1220 1910 124.

232 1907 418 1938 Caeruleus
436 1919 498 1939 nos
516 1909 603 1940 Liris
619 1915 718 1949 amat,
735 1921 836 1949 quem
853 1911 936 1942 silva
956 1913 1100 1944 Maricae
1147 1915 1245 1957 XIII,
1263 1917 1317 1955 83,

232 1952 388 1982 Caesaris
405 1952 491 1982 alma
508 1953 581 1983 dies
597 1958 631 1984 et
649 1953 722 1984 luce
739 1955 902 1985 sacratior
918 1956 971 1985 illa
1018 1956 1075 1994 IV,
1096 1969 1121 1988 1.

233 1995 390 2025 Caesaris
407 1996 552 2034 Augusti
568 1996 722 2035 lascivos,
742 1998 853 2037 livide,
874 2009 993 2030 versus
1039 2001 1100 2041 XI,
1121 2012 1172 2034 20.

233 2039 384 2069 Callidus
400 2040 537 2070 effracta
555 2050 710 2071 nummos
727 2041 781 2071 fur
796 2042 928 2072 auferet
944 2054 1021 2074 arca
1067 2045 1107 2085 V,
1128 2056 1179 2083 42.

233 2081 384 2112 Callidus
401 2083 541 2113 emissas
559 2084 697 2114 eludere
714 2085 829 2115 simius
846 2086 962 2117 hastas
1009 2087 1101 2128 XIV,
1122 2100 1197 2121 202.

231 2125 381 2155 Callidus
398 2126 546 2165 inposuit
563 2137 671 2166 nuper
690 2129 770 2158 mihi
787 2139 873 2168 copo
894 2130 1077 2161 Ravennae
1125 2132 1185 2173 ΙΙΙ,
1206 2142 1258 2172 57.

231 2168 443 2199 Calliodorus
459 2170 560 2200 habet
576 2173 838 2211 censum—quis
855 2175 962 2204 nescit
975 2177 1224 2214 Z—equestrem
1269 2177 1309 2218 V,
1328 2178 1382 2217 38.

231 2212 367 2251 Campis
385 2213 480 2242 dives
497 2214 621 2252 Apollo
637 2215 685 2244 sic
705 2215 849 2255 Myrinis
895 2216 955 2257 IX⁷
975 2228 1026 2256 42.

231 2256 325 2286 Cana
341 2260 392 2286 est
409 2257 510 2286 barba
526 2257 595 2297 tibi,
615 2259 712 2297 nigra
728 2265 779 2290 est
795 2270 890 2290 coma
905 2271 911 2290 :
937 2262 1091 2299 tinguere
1107 2263 1244 2294 barbam
1291 2263 1347 2305 IV,
1366 2267 1418 2304 36.

231 2299 385 2329 Candida
400 2300 428 2329 si
446 2310 583 2331 croceos
600 2302 797 2332 circumfluit
815 2304 903 2333 unda
918 2305 1050 2336 vitellos
1096 2306 1192 2346 XIII,
1211 2318 1263 2346 40.

231 2342 417 2372 Candidius
434 2343 518 2373 nihil
536 2349 588 2374 est
604 2350 648 2383 te,
666 2345 871 2377 Caeciliane.
919 2347 1040 2379 Notavi
1086 2349 1129 2389 ΙΙ,
1148 2360 1200 2388 71.

231 2386 383 2416 Cantasti
401 2387 495 2425 male,
515 2388 592 2417 dum
610 2388 716 2419 fututa
734 2399 782 2426 es,
799 2389 909 2429 Aegle
956 2391 981 2428 I,
999 2402 1050 2430 94.

232 2430 370 2469 Capena
386 2431 505 2468 grandi
522 2436 618 2469 porta
634 2442 699 2471 qua
715 2433 800 2472 pluit
815 2438 910 2472 gutta
957 2434 1017 2474 111,
1030 2446 1081 2475 47,
