1684 2763
776 137 1242 175 EPIGRAMMATON
1280 138 1378 173 11113.
1415 138 1490 174 Vll

272 249 369 286 haec
400 247 472 285 illis
503 246 670 297 pretium
702 246 792 284 facit
823 246 945 284 litura.

271 321 309 351 at
340 321 380 350 tu
411 326 572 350 munere
602 311 770 350 delicata
798 325 918 361 parvo

271 391 372 427 quae
401 377 620 415 cantaberis
650 377 745 415 orbe
774 385 868 414 nota
897 384 992 423 toto,
1461 392 1497 414 10

272 443 412 492 pignus
442 442 610 492 pectoris
640 443 716 480 hoc
747 441 822 480 mei
854 450 972 488 tuere,

274 507 348 545 Iuli
379 507 620 545 bibliotheca
651 506 852 544 Martialis.

650 594 795 630 XVIII

167 665 269 701 Cum
300 663 369 701 tibi
401 663 448 701 sit
478 663 596 701 facies
626 664 676 702 de
706 676 784 712 qua
814 676 886 701 nec
916 663 1062 701 femina
1092 663 1213 713 possit

220 728 360 775 dicere,
393 742 483 766 cum
514 742 656 778 corpus
687 730 793 766 nulla
823 728 936 766 litura
965 736 1086 775 notet,

167 808 234 831 cur
264 803 300 832 te
331 802 409 832 tam
441 808 546 831 rarus
576 794 707 844 cupiat
738 802 967 844 repetatque
998 795 1145 832 fututor

222 859 399 897 miraris?
456 859 606 897 Vitium
638 867 695 897 est
726 873 805 897 non
836 861 932 905 leve,
965 861 1087 905 Galla,
1122 859 1201 897 tibi.

167 925 313 963 accessi
343 925 526 974 quotiens
555 926 605 963 ad
635 939 734 975 opus
765 924 973 974 mixtisque
1004 939 1208 963 movemur

222 990 458 1040 inguinibus,
491 1004 645 1028 cunnus
676 1004 755 1028 non
787 998 899 1036 tacet,
932 990 1016 1039 ipsa
1046 998 1161 1028 taces.

169 1055 207 1093 ‹li
238 1057 409 1093 facerent
440 1064 481 1093 ut
511 1063 552 1093 tu
583 1055 796 1104 loquereris
826 1063 864 1093 et
894 1055 957 1092 ille
988 1063 1158 1093 taceret:

222 1122 402 1159 offendor
431 1120 551 1158 cunni
580 1120 802 1170 garrulitate
832 1120 898 1158 tui.

170 1187 314 1235 pedere
344 1194 381 1224 te
412 1188 592 1224 mallem:
632 1200 804 1236 namque
834 1187 909 1224 hoc
939 1199 1013 1224 nec
1043 1185 1179 1224 inutile
1209 1185 1303 1224 dicit

224 1253 484 1301 Symmachus
514 1260 551 1290 et
581 1252 699 1290 risum
731 1266 790 1291 res
822 1260 952 1290 movet
983 1252 1056 1290 ista
1085 1251 1211 1289 simul.
1469 1266 1504 1288 ιο

172 1317 257 1367 quis
288 1317 412 1355 ridere
442 1326 571 1367 potest
601 1317 696 1355 fatui
728 1326 988 1367 poppysmata
1017 1317 1167 1355 cunni?

225 1396 315 1420 cum
346 1391 460 1421 sonat
490 1383 567 1427 hic,
597 1383 659 1421 cui
690 1397 769 1420 non
801 1384 976 1421 mentula
1006 1395 1198 1432 mensque
1227 1381 1364 1420 cadit?

178 1448 249 1486 bie
279 1448 428 1498 aliquid
459 1450 596 1486 saltem
627 1440 883 1497 clamosoque
914 1448 1098 1497 obstrepe
1128 1460 1260 1485 cunno

227 1522 275 1560 et,
308 1513 337 1551 si
367 1515 468 1552 adeo
500 1522 607 1552 muta
637 1527 688 1560 es,
721 1513 829 1552 disce
859 1514 919 1551 vel
950 1512 1042 1551 inde
1072 1512 1190 1562 loqui.

685 1603 784 1638 XIX

179 1674 452 1722 Fragmentum
485 1673 593 1721 quod
624 1672 698 1710 vile
728 1680 842 1722 putas
872 1679 909 1710 et
940 1671 1076 1709 inutile
1106 1671 1266 1721 lignum,

229 1739 325 1775 haec
355 1737 426 1774 fuit
456 1736 577 1786 ignoti
607 1737 732 1786 prima
760 1736 892 1775 carina
922 1736 1047 1782 maris,

175 1800 293 1852 quani
324 1816 397 1841 nec
428 1804 610 1851 Cyaneae
640 1803 844 1851 quondam
874 1810 1037 1852 potuere
1067 1801 1200 1839 ruinae

230 1869 404 1917 frangere
435 1882 507 1906 nec
538 1867 709 1917 Scythici
740 1867 883 1905 tristior
913 1867 967 1905 ira
996 1866 1092 1905 freti.

178 1935 333 1971 saecula
362 1933 559 1971 vicerunt:
594 1934 664 1971 sed
694 1932 873 1982 quamvis
903 1932 1062 1970 cesserit
1090 1931 1214 1978 annis,
1492 1948 1508 1977 5

232 1998 402 2036 sanctior
431 2006 489 2036 est
518 2000 623 2036 salva
653 2012 771 2048 parva
801 1999 944 2036 tabella
974 2006 1064 2036 rate.

225 2103 320 2133 XVII
341 2114 361 2142 9
382 2103 535 2134 dedicata
551 2102 628 2133 BA:
651 2102 794 2133 delicata
812 2102 861 2132 CA
941 2112 979 2132 10
1003 2101 1196 2132 cantaueris
1213 2101 1260 2131 CA
1280 2102 1312 2135 ri.
1322 2112 1343 2131 e.
1366 2102 1470 2131 -beris
1487 2103 1508 2131 ’ἐι

226 2147 342 2177 XVIII
367 2147 438 2177 hab.
465 2147 493 2176 T
621 2156 640 2185 3
665 2147 782 2176 salitor
798 2147 947 2186 AA(p110
965 2146 1103 2181 fututor)
1238 2155 1256 2183 5
1282 2145 1444 2183 mixtique
1464 2145 1511 2174 (Ἀ

182 2196 335 2221 mouetur
360 2191 441 2220 AIA:
474 2200 648 2220 monemur
672 2190 777 2220 ΒΑΕΔ
922 2191 942 2219 6
967 2195 1152 2220 monstrum
1181 2189 1237 2218 ΑΛΔ
1266 2194 1340 2228 «xpm
1364 2189 1510 2225 cunnus)

181 2236 201 2263 8
227 2235 365 2264 monstri
383 2234 442 2263 ΛΑ
460 2234 542 2274 (pro
558 2235 675 2271 cunni)
809 2244 830 2272 9
854 2233 977 2263 uellem
995 2233 1129 2263 AACA:
1154 2233 1287 2263 mallem
1305 2232 1357 2262 BA
1474 2242 1513 2261 10

182 2277 288 2307 semel
313 2277 445 2307 AACA:
469 2278 567 2308 simul
592 2278 645 2308 BA
761 2287 795 2307 11
823 2277 963 2307 monstri
992 2276 1111 2313 (nostri
1144 2277 1184 2309 T)
1210 2276 1270 2305 ΑΛ
1297 2278 1373 2316 (pro
1396 2276 1512 2307 cunni&

188 2331 224 2359 13
250 2326 400 2350 monstro
433 2321 491 2350 ΑΑ
526 2326 600 2360 [pro
631 2324 758 2355 cunno)
955 2321 1040 2351 XIX
1065 2321 1136 2350 lzab.
1163 2320 1192 2349 T
1289 2330 1301 2349 1
1327 2325 1360 2349 et
1388 2330 1451 2349 0112.
1489 2318 1515 2347 T

184 2376 202 2394 2
228 2365 377 2403 ignotum
397 2364 444 2394 CA
462 2369 498 2395 ut
514 2365 576 2395 vid.
715 2375 735 2404 3
760 2366 877 2396 cineae
897 2364 944 2394 CA
1086 2374 1105 2403 5
1130 2364 1207 2404 sed]
1227 2369 1258 2394 et
1283 2363 1311 2393 T
1396 2362 1510 2392 annis-‘¹

186 2408 279 2438 nauis
295 2407 349 2437 BA
