1684 2715
261 90 317 126 M.
350 90 470 127 VAL.
504 91 818 129 MARTIALIS

681 204 840 241 LXXII

315 273 470 312 Nostris
500 273 676 312 versibus
705 286 791 311 esse
820 281 858 312 te
888 281 1060 324 poetam,

315 338 535 385 Fidentine,
567 346 681 388 putas
711 338 902 389 cupisque
932 339 1071 377 credi?

314 404 369 442 sic
399 406 559 443 dentata
588 404 661 442 sibi
692 404 844 442 videtur
874 406 997 455 Aegle

313 470 455 520 emptis
484 469 639 508 ossibus
670 470 891 520 Indicoque
920 484 1070 517 cornu3

314 535 368 573 sic
398 548 499 585 quae
528 534 672 585 nigrior
700 543 758 573 est
788 537 955 574 cadente
986 548 1107 581 moro,
1519 554 1535 584 5

312 608 509 638 cerussata
538 600 612 638 sibi
641 602 769 650 placet
800 600 970 650 Lycoris.

313 666 386 704 hac
415 674 453 703 et
483 673 523 704 tu
554 665 704 704 ratione
733 679 811 715 qua
840 674 956 716 poeta
985 680 1038 712 eS‚

312 732 444 769 calvus
475 744 565 769 cum
595 730 723 778 fueris,
755 730 828 769 eris
858 740 1048 769 comatus.

672 830 853 867 LXXIII

204 902 346 939 Nullus
377 900 416 938 in
446 901 543 939 urbe
572 899 644 938 fuit
673 907 756 938 tota
785 900 850 950 qui
883 908 1040 949 tangere
1070 900 1185 938 vellet

257 979 417 1004 uxorem
447 965 574 1016 gratis,
607 965 843 1011 Caecssiane,
876 973 994 1011 tuam,

203 1033 298 1069 dum
329 1030 460 1069 licuit:
501 1031 569 1068 sed
600 1044 706 1068 nunc
736 1029 872 1080 positis
902 1029 1134 1068 custodibus
1164 1029 1300 1078 ingens

258 1096 371 1134 turba
400 1097 616 1133 fututorum
647 1103 728 1133 est:
768 1095 994 1145 ingeniosus
1024 1095 1146 1132 homo
1176 1108 1226 1132 es.

680 1195 853 1231 LXXIV

206 1267 401 1305 Moechus
431 1274 537 1304 erat:
578 1272 732 1315 poteras
762 1272 894 1302 tamen
924 1265 1000 1302 hoc
1030 1272 1082 1309 tu,
1117 1264 1250 1309 Paula,
1280 1276 1430 1312 negare.

257 1345 349 1370 ecce
379 1331 434 1368 vir
464 1340 544 1369 est:
583 1330 789 1380 numquid,
822 1331 954 1376 Paula,
987 1342 1128 1378 negare
1158 1330 1300 1377 potes?

688 1435 839 1472 LXXV

208 1507 425 1546 Dimidium
456 1508 603 1545 donare
635 1504 736 1543 Lino
765 1517 883 1554 quam
914 1504 1073 1541 credere
1103 1510 1227 1541 totum

257 1573 325 1623 qui
355 1574 511 1619 mavolt,
544 1572 690 1609 mavolt
719 1571 881 1620 perdere
910 1568 1131 1607 dimidium.

679 1675 852 1712 LXXVI

204 1752 240 1788 O
270 1747 366 1786 mihi
396 1759 575 1785 curarum
606 1744 773 1795 pretium
805 1757 884 1782 non
915 1743 990 1781 vile
1020 1756 1210 1787 mearum,

259 1815 409 1859 Haece,
443 1809 659 1850 Antenorei
689 1823 777 1859 spes
807 1816 845 1846 et
874 1809 1034 1862 alumne
1064 1807 1177 1853 laris,-

207 1879 352 1917 Pierios
382 1878 493 1916 differ
522 1884 660 1914 cantus
690 1874 959 1923 citharamque
988 1885 1194 1918 sororum3

257 1958 322 1982 aes
351 1943 462 1982 dabit
491 1956 537 1980 ex
566 1940 648 1979 istis
677 1941 784 1978 nulla
813 1940 942 1989 puella
972 1937 1053 1975 tibi.

204 2009 300 2060 quid
329 2008 428 2059 petis
457 2021 480 2045 a
510 2006 704 2044 Phoebo?
741 2017 926 2042 nummos
956 2003 1075 2041 habet
1104 2015 1192 2040 arca
1223 2001 1449 2048 Minervae;
1515 2017 1532 2048 5

259 2077 357 2113 haec
388 2073 498 2123 sapit,
530 2073 628 2110 haec
658 2083 796 2108 omnes
826 2070 974 2107 fenerat
1004 2081 1082 2106 una
1111 2068 1218 2106 deos.

247 2179 380 2212 LXXII
406 2188 426 2216 3
449 2177 511 2207 sibi
529 2176 583 2206 BA
600 2187 607 2206 ε
630 2174 689 2206 tibi
707 2172 756 2204 CA

250 2222 399 2255 LXXIII
424 2221 497 2251 hab.
534 2219 563 2250 T
712 2228 731 2247 2
755 2216 930 2247 metilianc
955 2214 1037 2245 AA:
1075 2213 1258 2244 caeciliane
1293 2212 1395 2252 (cce.)
1426 2213 1534 2244 ΒΑΕΔ

204 2282 222 2308 4
240 2268 412 2300 salitorurn
425 2264 486 2294 ΑΛ
499 2263 577 2302 (pro
591 2262 787 2300 fututorum)
801 2271 808 2290 ε
824 2260 1008 2290 futurorum
1023 2258 1071 2288 CA
1138 2257 1193 2297 es]
1208 2262 1258 2287 est
1275 2256 1443 2295 T(etfort.
1459 2257 1532 2295 ΑΛ)

249 2309 394 2342 LXXIV
411 2306 483 2338 hab.
510 2306 540 2336 T
1132 2300 1260 2330 LXXV
1281 2300 1354 2330 hab.
1382 2299 1410 2329 T

248 2352 392 2386 LXXVI
411 2361 431 2390 3
447 2355 634 2388 cantusque
647 2348 836 2386 chorosque
848 2344 1017 2386 (qusque)
1029 2343 1099 2375 BA:
1112 2348 1231 2375 cantus
1242 2343 1473 2382 citharamque
1486 2342 1534 2373 CA
