1684 2763
786 126 1043 163 EPIGRAM
1051 127 1251 166 MATON
1284 128 1386 165 LIB.
1422 130 1453 164 X

655 239 714 276 XI

132 319 196 357 Nil
227 319 333 358 aliud
363 319 533 369 loqueris
563 332 682 368 quam
712 320 869 357 Thesea
899 319 1197 370 Pirithoumque

182 392 299 434 teque
328 392 442 435 putas
472 384 620 434 Pyladi,
652 384 888 431 Calliodorc‚
919 398 1063 435 parem.

127 449 358 499 dispeream,
391 449 422 488 si
452 457 492 488 tu
523 449 660 499 Pyladi
689 458 882 500 praestare
912 452 1109 488 matellam

182 514 323 564 dignus
352 528 393 553 es
422 522 489 553 aut
518 529 658 565 porcos
688 528 846 564 pascere
877 515 1050 553 Pirithoi.

131 580 313 618 ‘Donavi
343 582 499 618 tamen'
529 580 658 630 inquis
691 580 841 618 ‘amico
871 580 978 618 milia
1007 580 1182 630 quinque
1436 600 1451 629 ,ς

182 652 219 684 et
249 647 381 692 lotam,
413 653 454 683 ut
486 647 663 692 multum,
695 652 800 683 terve
829 653 1015 695 quaterve
1045 648 1200 695 togam.’

129 710 238 759 Quid
267 712 375 760 quod
405 710 458 748 nil
488 724 677 760 umquam
708 710 845 760 Pyladi
874 711 1035 749 donavit
1066 712 1254 750 Orestes?

181 775 248 826 qui
278 777 400 814 donat
429 775 607 825 quamvis
638 775 814 826 plurima,
846 777 956 826 plura
985 785 1111 826 negat.

639 893 723 929 XII

127 973 319 1012 Aemiliae
347 981 483 1023 gentes
513 980 551 1011 et
579 973 808 1023 Apollineas
838 975 1036 1012 Vercellas

180 1046 218 1077 et
249 1037 509 1076 Phaethontei
539 1037 605 1087 qui
636 1038 734 1087 petis
763 1051 853 1075 arva
883 1039 990 1085 Padi,

127 1117 175 1142 ne
205 1103 344 1150 vivam,
376 1102 450 1140 nisi
479 1109 527 1149 te,
562 1102 724 1149 Domiti,
756 1102 912 1141 dimitto
943 1103 1119 1150 libenter,

179 1175 286 1218 grata
315 1167 405 1206 licet
434 1167 518 1206 sine
547 1175 585 1206 te
615 1167 662 1206 sit
692 1167 788 1205 mihi
818 1169 924 1205 nulla
954 1168 1063 1206 dies:

126 1234 196 1271 sed
225 1232 464 1271 desiderium
495 1232 592 1270 tanti
621 1240 679 1271 est
708 1240 750 1270 ut
780 1246 907 1271 messe
936 1235 996 1272 vel
1026 1248 1104 1272 una
1435 1252 1452 1283 5

180 1297 332 1336 urbano
362 1299 508 1336 releves
538 1299 639 1336 colla
667 1305 824 1348 perusta
853 1298 954 1347 iugo.

125 1363 136 1400 i
166 1376 304 1412 precor
333 1370 370 1400 et
400 1370 503 1402 totos
533 1362 648 1401 avida
677 1370 766 1401 cute
795 1363 967 1401 conbibe
997 1365 1153 1402 soles—

178 1441 202 1466 o
232 1441 349 1478 quam
380 1429 614 1475 formonsus,
646 1429 741 1466 dum
771 1427 995 1478 peregrinus
1025 1428 1121 1467 eris!

124 1500 162 1531 et
190 1492 323 1531 venies
353 1492 451 1531 albis
481 1506 561 1531 non
590 1494 894 1543 adgnoscendus
923 1493 1059 1532 amicis

178 1557 392 1607 livebitque
421 1557 496 1595 tuis
526 1557 672 1606 pallida
700 1558 814 1595 turba
841 1558 961 1607 genis.
1414 1578 1450 1598 ,ο

125 1624 194 1661 sed
224 1621 286 1660 via
315 1635 432 1672 quem
464 1621 616 1660 dederit
645 1622 767 1672 rapiet
797 1622 875 1661 cito
907 1625 1037 1661 Roma
1066 1625 1249 1669 colorem,

179 1687 336 1726 Niliaco
366 1689 502 1726 redeas
532 1695 573 1725 tu
603 1687 693 1726 licet
723 1701 789 1726 ore
819 1688 938 1738 niger.

535 1805 658 1842 ,XIII
689 1803 800 1855 (XX)

125 1887 245 1926 Ducit
273 1887 325 1925 ad
353 1886 537 1924 auriferas
568 1887 676 1936 quod
706 1900 769 1925 me
799 1887 890 1924 Salo
921 1886 1095 1926 Celtiber
1124 1901 1220 1934 oras,

176 1953 350 2002 pendula
378 1952 487 2001 quod
515 1951 662 2001 patriae
691 1951 814 1990 visere
844 1959 946 1990 tecta
976 1952 1082 1999 libet,

167 2056 216 2086 XI
241 2054 314 2086 lmb.
339 2055 368 2086 T
451 2065 471 2085 2
495 2065 610 2094 parum
632 2055 678 2085 CA
818 2056 839 2085 6
863 2055 883 2086 l.
907 2055 1045 2087 multum
1063 2056 1194 2087 AACA:
1220 2056 1241 2088 l.
1261 2062 1296 2088 ut
1313 2057 1450 2087 multum

122 2099 175 2130 BA
191 2111 197 2130 :
221 2100 242 2130 l.
260 2099 334 2129 misi
347 2098 383 2128 N
471 2103 590 2138 terque
608 2103 793 2138 quaterque
809 2098 900 2130 codd.
917 2111 923 2130 :
947 2110 1024 2131 corr.
1039 2101 1168 2140 Haupt.
1186 2100 1268 2140 Opp.
1283 2101 1371 2140 iii.p.
1389 2102 1451 2139 584

123 2154 140 2182 7
166 2154 196 2174 u.
213 2143 256 2172 ila
268 2143 448 2172 donauitur
464 2152 539 2172 esse
559 2142 605 2173 CA
623 2153 629 2172 :
654 2152 685 2173 u.
702 2142 849 2180 Pylades
869 2143 1006 2174 donavit
1025 2144 1168 2174 Orestae
1185 2144 1345 2175 Heinsius
1433 2146 1452 2174 8

121 2186 232 2226 plura]
258 2186 329 2216 iura
354 2185 403 2216 CA
702 2185 769 2216 XII
811 2196 830 2225 3
860 2196 923 2216 nec
947 2187 1024 2217 BA:
1058 2198 1099 2218 ne
1127 2187 1176 2219 CA
1308 2187 1451 2218 admitto

123 2229 172 2260 CA
302 2238 321 2266 5
345 2228 396 2268 ut]
415 2229 447 2259 ui
467 2229 513 2259 CA
532 2228 561 2268 (Ι
577 2234 636 2269 pro
657 2229 702 2267 T)
830 2230 850 2259 6
875 2230 1002 2261 urbane
1022 2231 1069 2261 CA
1196 2241 1211 2269 7
1238 2231 1316 2261 totis
1332 2232 1450 2261 auidae

123 2273 171 2304 CA
315 2273 458 2302 conuiue
476 2272 571 2311 CA(1'.
586 2283 610 2303 e.
629 2273 734 2310 -bibe)
880 2275 900 2303 8
924 2284 943 2304 0
960 2284 1025 2305 om.
1045 2274 1091 2305 CA
1224 2285 1244 2312 9
1269 2275 1383 2304 ueniet
1404 2274 1449 2303 CA

122 2315 378 2354 cognoscendus
390 2315 445 2344 BA
460 2317 513 2355 (eo
525 2321 589 2355 pro
605 2316 659 2355 213)
676 2327 682 2345 :
707 2317 946 2347 adnoscendus
963 2318 1008 2347 CA
1100 2327 1139 2347 10
1163 2317 1344 2356 libebitque
1362 2317 1448 2347 codd.

120 2360 192 2399 (z'.e.
210 2358 282 2398 liv-)
419 2368 453 2388 11
479 2364 512 2389 te
530 2360 615 2390 duce
633 2370 733 2399 quern
751 2361 886 2390 dederis
904 2365 999 2399 rapte
1016 2365 1162 2391 totorum
1180 2371 1317 2392 auorum
1337 2361 1383 2391 CA

165 2402 250 2433 XIII
276 2412 325 2432 vv.
348 2412 433 2440 7-10
448 2401 521 2433 hab.
548 2403 577 2433 T
664 2414 677 2433 1
704 2403 797 2444 oras]
816 2414 893 2434 urse
916 2403 964 2434 CA
