1684 2763
224 160 277 196 M.
310 159 432 197 VAL.
465 160 776 199 MARTIALIS

327 285 399 310 nos
429 272 550 312 Celtis
579 272 732 322 genitos
761 280 798 311 et
828 287 873 312 ex
905 273 1064 312 Hiberis

327 342 481 373 nostrae
511 335 672 373 nomina
701 335 857 373 duriora
885 344 1008 374 terrae

325 406 434 448 grato
464 412 543 437 non
573 401 719 449 pudeat
747 401 886 438 referre
914 414 1052 439 versu:

326 476 443 501 saevo
474 463 636 501 Bilbilin
667 464 857 514 optimam
887 467 1057 512 metallo,

326 541 427 578 quae
456 528 575 566 vincit
605 530 881 579 Chalybasque
911 530 1166 580 Noricosque,

325 601 363 631 et
392 595 492 632 ferro
522 595 695 632 Plateam
726 608 797 632 suo
827 603 1044 640 sonantem,

325 671 444 707 quam
473 659 593 696 fluctu
623 658 730 696 tenui
759 660 829 697 sed
858 659 1034 708 inquieto

323 733 521 757 armorum
551 721 641 758 Salo
671 728 906 770 temperator
933 721 1067 767 ambit,

325 786 566 834 tutelamque
595 786 815 834 chorosque
847 785 1110 831 Rixamarum,

324 857 361 887 et
390 849 569 887 convivia
598 851 695 887 festa
725 850 980 897 Carduarum,

324 921 361 952 et
391 914 503 952 textis
535 914 688 952 Peterin
717 914 813 953 rosis
843 915 1060 961 rubentem,

322 986 440 1029 atque
468 979 630 1029 antiqua
658 986 811 1029 patrum
842 981 991 1018 theatra
1022 980 1151 1030 Rigas,

323 1051 361 1082 et
391 1052 516 1082 certos
546 1044 673 1082 iaculo
703 1045 777 1082 levi
807 1045 941 1091 Silaos,

323 1109 593 1159 Turgontique
622 1111 728 1147 lacus
760 1110 1030 1160 Perusiaeque‚

323 1181 360 1211 et
389 1187 529 1223 parvae
558 1175 657 1212 vada
686 1187 781 1224 pura
810 1175 1076 1221 Tvetonissae‚

323 1246 360 1277 et
390 1246 567 1277 sanctum
600 1239 818 1277 Buradonis
849 1239 1032 1286 ilicetum,

323 1316 390 1353 per
419 1304 526 1353 quod
556 1305 615 1341 vel
645 1303 751 1353 piger
779 1304 953 1342 ambulat
983 1304 1114 1349 viator,

323 1375 359 1406 et
389 1382 490 1417 quae
519 1368 682 1406 fortibus
711 1368 851 1406 excolit
880 1368 1054 1406 iuvencis

322 1446 461 1471 curvae
493 1433 665 1471 Manlius
693 1447 783 1470 arva
812 1433 1052 1472 Vativescae.

324 1499 436 1536 Haec
466 1505 544 1535 tam
576 1498 728 1543 rustica,
761 1498 927 1536 delicate
956 1500 1087 1544 lector,

323 1562 424 1600 rides
454 1562 645 1600 nomina?
683 1563 808 1602 rideas
838 1563 981 1609 licebit,

322 1628 418 1666 haec
448 1635 526 1665 tam
558 1628 698 1666 rustica
728 1630 842 1674 malo,
874 1641 992 1678 quam
1024 1630 1230 1666 Butuntos.

724 1716 816 1752 LVI

218 1781 383 1817 Munera
412 1780 520 1828 quod
550 1779 709 1816 senibus
738 1779 945 1828 viduisque
976 1779 1146 1828 ingentia
1177 1779 1306 1825 mittis,

268 1844 324 1882 vis
354 1852 391 1882 te
421 1844 663 1890 munificum,
697 1843 929 1893 Gargiliane,
961 1845 1129 1882 vocem?

213 1909 408 1948 sordidius
438 1909 533 1946 nihil
563 1916 634 1955 est,
664 1908 759 1946 nihil
789 1916 846 1946 est
876 1916 913 1946 te
942 1908 1117 1958 spurcius
1147 1922 1237 1955 uno,

267 1974 334 2023 qui
363 1981 474 2024 potes
504 1973 664 2011 insidias
693 1974 799 2011 dona
827 1986 966 2011 vocare
994 1980 1106 2011 tuas:

213 2038 267 2076 sic
296 2038 420 2076 avidis
450 2039 562 2076 fallax
592 2038 767 2088 indulget
797 2037 969 2087 piscibus
999 2039 1150 2084 hamus,

267 2103 407 2141 callida
436 2102 490 2141 sic
519 2104 654 2140 stultas
684 2102 829 2152 decipit
858 2115 947 2140 esca
977 2103 1085 2140 feras.

256 2191 275 2219 8
301 2189 474 2220 noscentis
493 2188 540 2219 CA
636 2199 657 2227 9
682 2188 817 2218 numina
833 2188 881 2218 CA
993 2188 1031 2217 18
1055 2193 1206 2227 peterem
1224 2188 1279 2217 ΒΑ

1506 419 1545 440 10

1499 1063 1539 1084 20

1515 2055 1532 2086 5

1381 2197 1420 2227 19
1445 2189 1533 2228 ripas

212 2233 265 2263 ΒΑ
354 2243 397 2262 2ο
420 2233 545 2262 iaculos
565 2231 610 2262 (A
698 2242 843 2262 suaeuos
856 2231 957 2272 <bosi
973 2232 1026 2261 ΒΑ
1042 2236 1118 2271 (pro
1130 2231 1288 2269 Sue10s3)
1304 2243 1311 2261 ε
1337 2232 1448 2270 sylaos
1462 2233 1531 2271 tsi-)

213 2276 261 2306 (Ἃ
394 2286 432 2305 21
459 2275 709 2314 Turgentisque
727 2275 781 2304 BA
912 2274 1123 2313 turasiaeque
1141 2274 1195 2303 BA
1213 2285 1220 2304 :
1244 2276 1466 2314 perusiaeque
1485 2276 1533 2306 CA

211 2329 251 2349 22
276 2329 382 2359 paruo
392 2320 447 2348 BA
535 2319 742 2348 toutonissae
759 2318 813 2347 BA
943 2327 985 2355 23
1010 2328 1093 2356 pura
1109 2317 1219 2347 teonis
1235 2317 1289 2347 ΒΑ

210 2363 265 2393 ΒΑ
384 2372 424 2401 25
449 2363 538 2401 quod
558 2362 605 2392 CA
720 2371 760 2400 27
786 2361 910 2391 rustice
929 2360 976 2390 CA
1183 2361 1255 2390 LVI
1280 2361 1354 2392 lmb.
1380 2329 1425 2392 {4
1449 2328 1534 2357 quos

1517 2371 1531 2391 Ι

211 2407 398 2445 uiridisque
412 2406 459 2436 CA
548 2415 566 2444 5
591 2405 687 2435 audis
706 2404 751 2435 T:
768 2405 885 2434 auidus
902 2404 955 2434 BA
1044 2405 1065 2434 6
1088 2404 1261 2444 deceperit
1276 2404 1443 2445 Tgctfort.
1457 2404 1531 2445 ΑΛ)
