1684 2763
236 132 290 168 M.
324 131 444 169 VAL.
477 132 790 172 MARTIALIS

230 254 358 280 ——nec
387 241 426 280 in
458 244 623 282 Falerno
652 245 753 283 colle
782 244 905 284 maior
932 253 1194 286 autumnus—

231 305 408 356 intraque
437 306 557 346 limen
587 310 687 347 latus
717 311 856 349 essedo
885 324 1031 358 cursus,

229 378 266 409 et
296 371 335 409 in
365 373 561 422 profundo
590 387 752 412 somnus
782 382 820 413 et
849 375 959 425 quies
988 376 1103 414 nullis

229 437 379 474 offensa
407 436 559 487 linguis,
592 452 666 477 nec
695 439 779 477 dies
809 439 882 478 nisi
910 440 1116 479 admissus.
1519 460 1556 492 25

229 514 301 539 nos
331 502 566 540 transeuntis
596 502 693 541 risus
722 504 863 542 excitat
892 505 1039 552 turbae,

228 573 265 604 et
294 567 345 605 ad
375 567 503 605 cubile
533 575 591 605 est
623 569 761 606 Roma.
821 569 973 608 Taedio
1002 569 1112 608 fessis

228 628 398 667 dormire
426 629 609 678 quotiens
638 630 761 677 libuit,
793 630 895 669 imus
924 632 975 670 ad
1004 631 1145 670 villam.

714 718 855 755 LVIII

228 791 523 830 Ancillariolum
554 800 619 830 tua
648 800 686 831 te
715 801 828 831 vocat
857 807 962 841 uxor,
994 801 1032 833 et
1061 794 1144 845 ipsa

281 856 515 896 lecticariola
545 865 624 896 est:
665 858 767 905 estis,
799 860 964 906 Alauda,
996 873 1118 910 pares.

736 958 831 995 LIX

333 1040 506 1077 Tantum
537 1040 604 1077 dat
634 1039 704 1077 tibi
736 1041 865 1078 Roma
896 1040 1092 1079 basiorum

333 1113 420 1153 post
448 1117 573 1142 annos
604 1105 725 1142 modo
754 1104 980 1154 quindecim
1012 1118 1164 1143 reverso

331 1173 523 1215 quantum
555 1166 697 1204 Lesbia
726 1180 806 1205 non
836 1166 946 1205 dedit
976 1168 1143 1206 Catullo.

334 1238 371 1268 te
400 1230 542 1268 vicinia
571 1239 662 1278 tota,
695 1239 732 1269 te
762 1231 908 1281 pilosus

333 1294 488 1333 hircoso
518 1296 658 1344 premit
688 1297 824 1334 osculo
858 1297 1047 1343 colonus3
1534 1315 1550 1344 5

332 1359 424 1397 hinc
454 1359 570 1398 instat
600 1359 669 1398 tibi
699 1367 833 1407 textor,
866 1359 958 1398 inde
988 1361 1093 1407 fullo,

331 1424 422 1463 hinc
452 1432 559 1463 sutor
589 1426 710 1463 modo
740 1426 840 1475 pelle
870 1424 1028 1471 basiam,

330 1489 421 1527 hinc
452 1490 572 1528 menti
603 1489 788 1528 dominus
818 1489 1035 1540 periculosi,

329 1554 419 1592 hinc
450 1554 740 1594 †dexiocbolus
755 1559 786 1602 †,
818 1554 911 1593 inde
940 1554 1068 1605 lippus

327 1620 556 1668 fellatorquc
587 1632 802 1669 recensque
831 1619 1090 1669 curmilingus.
1515 1636 1552 1658 10

332 1685 416 1721 Iam
447 1683 543 1722 tanti
573 1684 643 1722 tibi
674 1697 754 1722 non
784 1684 855 1722 fuit
885 1684 1019 1722 redire.

741 1773 814 1809 LX

222 1853 357 1892 Martis
386 1854 545 1892 alumne
574 1853 669 1900 dies,
701 1867 852 1891 roseam
883 1866 963 1902 quo
992 1854 1175 1903 lampada
1204 1853 1372 1904 primum

273 1934 492 1971 magnaque
523 1919 663 1958 siderei
692 1919 862 1958 vidimus
892 1932 959 1957 ora
988 1918 1061 1966 dei,

260 2046 300 2066 22
324 2035 410 2067 colle
434 2035 510 2066 BA:
545 2040 660 2065 monte
685 2034 734 2066 CA
876 2043 916 2072 23
941 2033 1028 2064 latus
1051 2033 1126 2065 BA:
1150 2032 1284 2064 clausus
1310 2032 1359 2064 CA
1507 2043 1547 2072 27

218 2079 326 2110 cubile
343 2084 470 2110 stroma
496 2078 543 2108 CA
560 2079 593 2120 (i.
607 2089 630 2109 e.
652 2079 794 2109 cubilest
814 2077 923 2108 Roma
935 2078 960 2118 3)

261 2122 371 2153 LVIII
396 2123 469 2154 hab.
492 2122 521 2152 T

262 2166 341 2196 LIX
366 2167 386 2196 8
402 2176 468 2196 om.
489 2165 541 2195 BA
561 2163 985 2205 (propterlzon1oeoarch.3)
1139 2173 1160 2202 9
1183 2163 1404 2194 dexiocholus
1422 2167 1456 2193 et
1472 2162 1527 2193 BA
1543 2175 1549 2193 :

218 2209 415 2240 dexiocolus
433 2209 535 2249 (des-⁸
563 2210 642 2247 (om.
661 2208 710 2247 et)
739 2208 785 2238 CA
803 2207 1017 2248 (dexiocolus
1031 2217 1071 2236 ex
1087 2206 1264 2238 dexicolus
1288 2206 1327 2245 E,
1348 2206 1549 2237 dexioculus

213 2263 252 2283 ex
267 2253 368 2283 dexio
386 2252 480 2283 colus
496 2252 541 2285 A,
561 2251 754 2283 desiocolus
769 2251 812 2291 X,
834 2251 1025 2282 desioculus
1045 2249 1091 2288 V)
1200 2251 1277 2280 hine
1295 2250 1548 2289 defioeulusque

215 2301 248 2327 et
273 2295 452 2327 Scriverius
477 2296 610 2335 <melius
635 2296 667 2328 d.
683 2295 784 2337 sed):
806 2295 890 2334 fort.
914 2293 992 2324 hinc
1016 2298 1049 2324 et
1073 2293 1292 2324 dexiocholus
1318 2293 1368 2324 vel
1390 2292 1492 2324 istinc
1516 2293 1547 2324 d.

222 2350 258 2370 10
282 2339 511 2377 cunnilinguis
538 2338 586 2369 CA

258 2382 319 2414 LX
341 2392 358 2415 J
385 2382 472 2422 quod
498 2382 547 2412 CA
