1684 2763
492 160 672 196 INDEX
712 158 1179 196 EPIGRAMMATON

235 271 384 301 Humida
401 281 467 309 qua
484 270 615 307 gelidas
631 269 807 299 summittit
824 269 969 299 Trebula
987 269 1090 299 valles
1133 267 1172 306 V,
1193 278 1243 306 71.

236 315 336 344 Hunc
354 325 453 353 quem
472 325 587 343 mensa
607 314 678 352 tibi,
698 324 797 352 quem
816 323 899 343 cena
919 313 1049 351 paravit
1065 313 1206 341 amicum
1256 311 1315 350 IX,
1340 322 1386 350 14.

235 358 335 388 Hunc
351 368 450 396 quem
467 367 570 396 saepe
588 357 683 387 vides
700 358 787 386 intra
807 356 995 395 penetralia
1013 360 1148 385 nostrae
1195 355 1250 393 IV,
1271 365 1321 394 53.

237 401 336 432 Hunc
353 402 409 440 qui
426 401 582 431 femineis
599 405 782 439 noctesque
800 401 941 439 diesque
958 399 1130 430 cathedris
1176 398 1254 438 XII,
1275 400 1325 438 38.

236 445 453 484 Hystericam
471 445 584 475 vetulo
602 455 638 475 se
657 445 789 474 dixerat
806 453 881 474 esse
899 444 1020 473 marito
1067 442 1127 481 XI,
1149 452 1200 481 71.

234 533 258 571 1,
279 534 359 564 felix
378 545 464 573 rosa,
484 535 708 573 mollibusque
725 536 827 565 sertis
872 534 947 573 VH,
967 535 1020 573 89.

233 579 243 608 Ι
264 584 378 609 nostro
397 589 519 617 comes,
541 579 548 608 i
567 578 692 615 libelle,
714 579 815 609 Flavo
860 578 902 618 X,
926 589 996 617 104.

232 622 243 651 Ι
265 632 362 660 nunc,
383 623 485 653 edere
503 633 555 651 me
575 623 650 652 iube
668 623 800 653 libellos
846 622 888 661 II,
907 623 939 653 6.

233 666 337 697 Iactat
354 667 565 705 inaequalem
586 666 700 696 Matho
719 676 771 696 me
790 666 910 697 fecisse
927 666 1077 696 libellum
1123 665 1198 705 VH,
1218 676 1269 705 90.

234 710 301 740 Iam
321 715 413 740 certe
429 711 566 748 stupido
584 721 651 739 non
671 711 774 748 dices,
798 709 911 749 Paula,
932 711 1052 740 marito
1098 709 1158 748 XI,
1181 720 1208 748 7.

233 753 300 783 Iam
321 754 384 783 nisi
404 764 464 792 per
481 764 636 784 somnum
655 764 721 783 non
738 754 858 792 arrigis
875 759 908 784 et
924 755 995 792 tibi,
1017 754 1125 784 Maevi
1173 753 1233 792 XI7
1252 754 1303 791 46.

232 797 299 827 Iam
320 802 474 828 numerat
492 798 623 836 placido
641 797 723 827 felix
739 797 910 827 Antonius
925 809 1010 828 aevo
1056 798 1099 838 X,
1121 808 1174 836 23.

234 841 302 871 Iam
321 852 422 880 parce
440 841 538 879 lasso,
560 842 680 879 Roma,
700 842 895 880 gratulatori
944 841 987 875 X,
1008 852 1047 880 74

234 884 301 914 Iam
320 895 426 924 prope
444 885 597 915 desertos
615 885 747 915 cineres
765 891 798 915 et
816 890 932 915 sancta
952 885 1103 915 Maronis
1148 884 1209 923 XI,
1231 895 1282 924 50.

232 928 300 958 Iam
318 930 435 959 senior
452 929 566 958 Ladon
584 929 764 959 Tiberinae
785 935 885 959 nauta
903 930 1039 959 carinae
1084 929 1126 963 X,
1147 930 1198 967 85.

233 971 300 1002 Iam
319 983 380 1002 sex
397 978 453 1002 aut
470 978 600 1011 septem
618 974 773 1011 nupsisti.
794 973 900 1007 Galla,
920 973 1070 1004 cinaedis
1115 972 1190 1011 VII,
1209 972 1260 1011 58.

233 1015 300 1045 Iam
319 1017 425 1046 tristis
443 1017 584 1047 nucibus
602 1027 687 1055 puer
700 1017 830 1047 relictis
872 1016 912 1055 V,
934 1017 986 1055 84.

233 1058 299 1089 Ibis
316 1060 464 1095 litoreas,
489 1060 611 1095 Macer,
634 1061 776 1091 Salonas
823 1061 866 1099 X,
887 1061 936 1099 78.

231 1102 300 1133 Icta
316 1105 409 1142 gravi
426 1105 494 1134 telo
511 1104 734 1143 confossaque
752 1104 892 1134 vulnere
909 1110 1018 1135 mater
1062 1104 1123 1143 Ep.
1146 1114 1194 1143 13.

234 1146 373 1185 Ignotos
391 1148 471 1177 mihi
489 1158 562 1177 cum
581 1158 681 1178 voces
696 1153 869 1178 trecentos
915 1148 976 1186 XI,
996 1158 1049 1188 35.

233 1190 332 1221 Iliaco
349 1191 492 1221 similem
511 1202 660 1230 puerum,
684 1191 853 1225 Faustine,
870 1191 1022 1222 ministro
1070 1191 1130 1230 III,
1150 1201 1201 1230 39.

233 1233 309 1264 Ilias
327 1240 360 1265 et
378 1235 503 1264 Priami
521 1235 636 1274 regnis
654 1236 809 1266 inimicus
823 1236 944 1266 Vlixes
990 1235 1081 1275 XIV,
1101 1237 1172 1275 184.

233 1277 293 1308 Illa
311 1288 430 1309 manus
448 1279 614 1317 quondam
633 1280 820 1309 studiorum
839 1279 904 1309 fida
922 1290 1071 1310 meorum
1120 1279 1144 1319 Ι,
1167 1289 1238 1310 101.

234 1321 292 1352 Illa
311 1323 404 1352 salax
423 1323 572 1361 nimium,
595 1333 656 1352 nec
673 1323 789 1362 paucis
806 1328 886 1353 nota
906 1323 1026 1362 puellis
1071 1323 1132 1362 XI,
1153 1333 1204 1362 25.

233 1365 293 1395 Ille
310 1376 373 1404 ego
392 1376 462 1396 sum
482 1365 642 1405 Scorpus,
662 1366 800 1397 clamosi
817 1367 925 1406 gloria
941 1367 1031 1397 Circi
1079 1367 1121 1404 X,
1141 1377 1192 1405 53.

233 1408 291 1439 Ille
308 1410 393 1440 sacri
412 1410 527 1440 lateris
544 1415 656 1440 custos
675 1410 859 1449 Martisque
876 1411 979 1449 togati
1025 1410 1083 1446 VI,
1105 1412 1155 1448 76.

233 1452 398 1483 Illustrem
418 1464 489 1483 cum
508 1459 578 1483 tota
596 1455 680 1484 meis
697 1454 849 1485 convivia
866 1455 1006 1484 flammis
1052 1454 1144 1493 XIV,
1164 1464 1214 1493 41.

234 1495 349 1526 Imbue
368 1497 519 1536 plebeias
536 1497 684 1528 Clusinis
701 1499 849 1537 pultibus
866 1498 951 1528 ollas
997 1497 1093 1536 XIII,
1113 1499 1143 1528 8.

233 1539 390 1579 Improba
409 1541 576 1571 Massiliae
594 1542 755 1580 quidquid
774 1542 915 1572 fumaria
931 1547 1057 1579 cogunt
1103 1542 1147 1580 X,
1165 1543 1216 1581 36.

234 1584 270 1613 In
286 1585 449 1614 matutina
468 1595 578 1623 nuper
593 1591 767 1624 spectatus
784 1586 911 1616 harena
956 1585 1000 1624 X,
1020 1596 1071 1625 25.

234 1627 270 1657 In
289 1627 522 1663 Nomentanis,
544 1629 656 1661 Ovidi.
674 1630 763 1668 quod
782 1630 930 1660 nascitur
945 1630 1035 1668 agris
1082 1628 1108 1669 Ι,
1129 1639 1200 1668 105.

232 1670 268 1701 In
287 1672 443 1702 omnibus
459 1673 609 1702 Vacerra
625 1673 713 1712 quod
732 1673 949 1704 conclavibus
994 1673 1056 1704 XI.
1077 1683 1128 1712 77.

234 1715 272 1744 In
291 1715 500 1754 Pompeiano
518 1717 655 1755 dormis,
678 1717 836 1755 Laevine‚
856 1718 990 1748 theatro
1035 1717 1094 1751 Vl,
1111 1728 1142 1755 9.

234 1758 270 1788 In
289 1758 497 1798 Pompeiano
515 1765 625 1790 tecum
643 1761 805 1799 spectabo
822 1762 956 1791 theatro
1004 1761 1096 1797 XIV,
1115 1771 1167 1799 29.

233 1802 270 1832 In
290 1804 398 1841 pretio
415 1813 536 1842 scopas
553 1809 697 1834 testatur
714 1805 824 1843 palma
841 1805 945 1835 fuisse
992 1804 1084 1845 XIV,
1104 1805 1156 1834 82.

232 1846 269 1875 In
288 1846 426 1885 Saeptis
444 1846 613 1877 Mamurra
631 1848 687 1878 diu
705 1849 912 1887 multumque
927 1854 1070 1887 vagatus
1116 1848 1176 1886 IX,
1196 1858 1247 1887 59.

230 1889 267 1919 In
285 1890 488 1921 Tartesiacis
506 1891 626 1922 domus
642 1897 694 1922 est
712 1893 890 1922 notissima
907 1893 1008 1922 terris
1055 1891 1115 1924 IX.
1137 1894 1191 1922 61.

231 1933 268 1962 In
286 1934 438 1965 tenebris
455 1934 551 1973 luges
567 1935 738 1975 amissum,
759 1936 862 1974 Galla,
883 1936 1038 1966 maritum
1086 1935 1143 1973 IV,
1162 1938 1212 1975 58.

232 1977 269 2006 In
288 1978 427 2008 thermis
443 1979 545 2008 sumit
562 1978 718 2019 lactucas,
739 1990 812 2018 ova,
832 1979 994 2010 lacertum
1042 1979 1121 2013 XII,
1144 1990 1192 2018 19.

232 2021 270 2050 In
286 2020 429 2052 Venetis
444 2022 513 2052 sint
529 2022 620 2053 lauta
637 2023 714 2053 licet
729 2024 883 2053 convivia
901 2024 999 2054 terris
1045 2023 1144 2062 XIII,
1160 2024 1212 2055 88.

233 2064 398 2095 Incideris
414 2066 573 2104 quotiens
591 2067 625 2096 in
642 2067 735 2097 basia
752 2066 942 2097 fellatorum
988 2066 1052 2104 XI,
1069 2078 1122 2106 95.

232 2108 453 2139 Incustoditis
469 2115 501 2139 et
519 2110 658 2148 apertis,
678 2111 810 2147 Lesbia,
829 2121 965 2150 semper
1010 2110 1037 2149 1,
1055 2121 1106 2150 34.

232 2152 395 2190 Indignas
412 2159 582 2191 premeret
600 2154 706 2192 pestis
725 2165 798 2184 cum
816 2155 927 2185 tabida
944 2155 1057 2185 fauces
1104 2154 1129 2191 Ι,
1151 2156 1202 2193 78.

234 2195 431 2225 Inducenda
447 2201 520 2226 rota
538 2201 609 2227 est:
635 2198 694 2227 das
713 2199 809 2228 nobis
827 2199 909 2229 utile
927 2209 1047 2229 munus
1094 2198 1187 2235 XIV,
1210 2200 1280 2229 168.

233 2239 389 2277 Indulget
406 2241 518 2278 pecori
536 2241 674 2271 nimium
693 2242 770 2271 dum
788 2247 904 2280 pastor
921 2243 1089 2281 Amyntas
1136 2242 1195 2273 XI.
1213 2253 1265 2281 41.

232 2282 400 2312 Infantem
418 2293 531 2313 secum
550 2293 686 2323 semper
703 2290 759 2315 tua
778 2286 895 2319 Bassav
916 2285 1054 2316 Fabulle
1101 2285 1159 2323 IV,
1175 2287 1227 2324 87.

233 2326 400 2356 Infantem
416 2327 475 2356 tibi
492 2328 552 2365 vir,
572 2328 641 2368 tibi,
662 2328 771 2365 Galla,
789 2330 918 2359 remisit
935 2329 1069 2360 adulter
1113 2329 1156 2368 X,
1172 2339 1225 2369 95.

233 2369 385 2400 Infusum
403 2370 465 2400 sibi
483 2381 592 2410 nuper
609 2382 627 2401 a
644 2377 787 2410 patrono
832 2373 873 2410 V,
893 2383 944 2411 70.

232 2413 410 2451 Ingenium
428 2413 520 2450 mihi,
539 2415 662 2449 Gaure,
681 2416 804 2453 probas
820 2415 867 2446 sic
884 2426 959 2446 esse
977 2416 1136 2455 pusillum
1183 2415 1245 2452 IX,
1262 2426 1315 2454 50.

233 2457 411 2496 Ingenium
427 2457 641 2497 studiumque
659 2459 718 2488 tibi
735 2469 917 2498 moresque
933 2469 1110 2498 genusque
1154 2459 1196 2498 V,
1213 2469 1264 2497 27.
