1684 2763
198 129 255 165 M.
286 127 408 164 VAL.
441 125 754 163 MARTIALIS

583 237 705 273 LXX.
737 236 920 272 Pavones.

199 312 362 360 Miraris,
395 311 578 362 quotiens
606 309 841 361 gemmantis
871 308 1037 359 explicat
1066 309 1156 354 alas,

251 385 288 416 et
318 384 430 427 potes
460 378 565 414 hunc
595 389 711 414 saevo
740 375 903 421 tradere,
934 375 1041 420 dure,
1073 373 1200 411 coco?

516 469 663 506 LXXI.
693 467 985 516 Phoenicopteri.

200 548 277 584 Dat
307 545 403 583 mihi
432 545 553 594 pinna
582 544 726 580 rubens
755 555 913 588 nomen,
946 542 1016 579 sed
1045 540 1177 590 lingua
1205 539 1350 589 gulosis

251 618 382 648 nostra
411 609 520 658 sapit.
580 605 689 656 Quid
719 606 749 644 si
779 607 929 655 garrula
957 605 1090 654 lingua
1118 605 1244 642 foret?

548 701 718 737 LXXII.
748 699 953 736 Phasiam'.

198 781 328 828 Argoa
357 777 525 827 primum
557 789 643 813 sum
673 781 934 824 transportata
963 773 1119 811 carina:

250 850 341 880 ante
372 841 466 879 mihi
496 848 634 878 notum
665 839 718 876 nil
748 838 821 876 nisi
852 838 988 876 Phasis
1018 845 1109 876 erat.

520 940 715 977 LXXIII.
746 938 985 976 qumidz'cae.

199 1019 349 1054 Ansere
380 1017 565 1053 Romano
595 1013 773 1064 quamvis
803 1021 908 1051 satur
938 1012 1143 1051 Hannibal
1172 1020 1283 1059 esset,

254 1081 335 1131 ipse
366 1094 453 1119 suas
484 1093 701 1129 numquam
732 1079 918 1116 barbarus
948 1078 1029 1116 edit
1058 1091 1159 1116 aves.

561 1179 745 1215 LXXIV.
777 1179 814 1215 A
820 1191 952 1215 meres.

202 1258 315 1294 Haec
345 1254 510 1293 servavit
538 1254 620 1292 avis
649 1253 792 1303 Tarpei
822 1255 969 1302 templa
997 1251 1202 1290 Tonantis.

255 1319 433 1358 miraris?
490 1320 681 1357 Nondum
712 1319 854 1356 fecerat
883 1317 947 1355 illa
976 1319 1084 1355 deus.

588 1418 748 1454 LXXV.
786 1416 921 1454 Grues.

201 1494 397 1532 Turbabis
427 1506 558 1531 versus
589 1506 661 1530 nec
692 1492 818 1529 littera
847 1499 928 1530 tota
957 1490 1114 1538 volabit,

256 1573 374 1597 unam
405 1557 619 1608 perdideris
650 1557 680 1595 si
712 1556 933 1595 Palamedis
961 1569 1085 1594 avem.

539 1656 723 1693 LXXVI.
755 1655 987 1692 Rusticulae.

206 1733 368 1772 Rustica
398 1733 470 1771 sini
500 1746 549 1770 an
580 1731 715 1781 perdix
745 1731 839 1781 quid
870 1732 995 1778 refert,
1026 1730 1057 1768 si
1088 1744 1202 1781 sapor
1231 1730 1336 1769 idem
1367 1731 1452 1767 est?

259 1798 395 1838 Carior
424 1805 482 1836 est
512 1796 656 1847 perdix.
690 1795 744 1834 sic
775 1796 874 1845 sapit
904 1795 969 1833 illa
999 1795 1131 1844 magis.

252 1905 345 1934 LXX
363 1904 436 1934 lzah.
458 1904 490 1934 I‘x’
579 1913 669 1933 PAvo
695 1903 771 1933 ΑΜ
800 1912 955 1932 PAVONES
972 1901 1079 1933 BACA
1226 1912 1245 1932 2
1271 1907 1304 1932 et
1321 1902 1410 1941 potis
1426 1902 1459 1932 R
1475 1914 1481 1933 :
1505 1902 1532 1933 si

206 1954 304 1987 potes
320 1947 468 1977 Isidorus
487 1947 577 1986 Omssq.
596 1946 652 1977 xii.
673 1956 702 1984 7.
719 1946 761 1983 48
850 1947 935 1975 duce
954 1945 1001 1976 CA

252 1990 363 2020 LXXI
381 1991 452 2021 hab.
478 1990 507 2020 T
592 1998 836 2019 promcorrom
861 1989 889 2018 T
1061 1999 1079 2018 2
1103 1989 1194 2027 quod
1219 1988 1351 2018 AACA:
1375 1988 1455 2027 quid
1479 1987 1533 2017 ΒΑ

205 2035 317 2064 forent
330 2034 377 2064 CA
479 2033 610 2063 LXXII
627 2033 701 2063 hab.
723 2031 782 2062 TR
829 2042 1026 2062 PHASlANVS
1037 2031 1115 2062 AA:
1143 2041 1342 2062 ΡΗΑΞΙΑΝΑΕ
1355 2032 1444 2071 (wir-3)
1457 2031 1532 2062 BA:

208 2087 375 2108 PHAsmNI
395 2076 441 2107 CA
534 2086 546 2106 1
572 2076 678 2114 Argia
696 2075 747 2106 R:
773 2075 901 2114 Argiua
917 2075 1065 2106 Isidorus
1080 2074 1136 2105 xii.
1156 2085 1184 2114 7.
1198 2085 1241 2114 49
1329 2085 1348 2105 2
1373 2075 1435 2106 erit
1454 2074 1501 2106 CA

252 2120 401 2150 LXXIII
421 2120 494 2150 hab.
513 2119 546 2149 R
634 2128 825 2149 ersumcm:
844 2119 876 2148 R
946 2130 982 2148 ‚2
1007 2129 1067 2149 sua
1086 2118 1134 2149 CA

253 2164 395 2194 LXXIV
411 2163 484 2194 hab.
507 2163 566 2192 TR
657 2173 668 2192 1
697 2162 827 2201 tarpeia
841 2162 920 2192 ΑΑε
943 2163 1053 2201 tarpei
1070 2161 1176 2192 BACA
1264 2172 1282 2191 2
1308 2161 1392 2192 deos
1405 2160 1520 2191 AABA

254 2207 382 2237 LXXV
392 2206 465 2237 hab.
485 2206 544 2236 TR
616 2216 628 2235 1
655 2206 818 2236 Turbabit
837 2205 918 2235 AA:
942 2206 1107 2236 Turbabis
1121 2205 1225 2235 BACA
1307 2205 1432 2235 uolauit
1447 2204 1534 2236 codd.

210 2251 290 2290 (pro
306 2250 380 2286 -biti
402 2251 492 2288 (corr.
516 2250 562 2288 T)
740 2249 885 2279 LXXVI
904 2249 976 2280 hab.
1000 2249 1029 2278 T
1116 2259 1128 2278 1
1155 2248 1219 2279 sim
1236 2247 1295 2288 an]
1314 2248 1342 2278 si
1360 2248 1469 2278 mansi
1488 2247 1534 2278 T:

208 2294 235 2323 si
255 2298 389 2323 maneat
406 2293 460 2322 BA
548 2293 604 2330 qui
628 2292 674 2322 T:
699 2293 778 2331 quid
796 2292 905 2322 BACA
973 2292 1097 2322 referat
1115 2290 1198 2331 <Lf)
1218 2291 1267 2322 vel
1280 2291 1383 2322 refert
1401 2290 1462 2331 (P)
1479 2291 1535 2321 ΒΑ

210 2350 211 2361 1
226 2348 290 2367 0111.
314 2336 358 2377 Q)
419 2341 469 2367 est
487 2347 552 2366 om.
568 2335 645 2366 CAL
665 2336 788 2376 (praec.
803 2342 833 2376 ὃ,
850 2335 869 2367 i.
880 2346 904 2366 e.
923 2336 1003 2376 ·em)
1055 2335 1137 2374 forr.
1156 2335 1278 2366 idemst
1404 2344 1423 2364 2
1446 2334 1472 2365 si
1490 2333 1534 2364 T:

208 2381 257 2410 sic
276 2379 336 2421 (L)
355 2380 404 2410 vel
418 2380 445 2410 si
465 2379 584 2420 IPQf)
605 2379 659 2409 ΒΑ
