1684 2715
209 121 264 158 M.
296 121 418 158 VAL.
452 121 766 159 MARTIALIS

206 230 374 270 Claudia
402 231 562 270 diffusas
592 231 660 270 ubi
690 231 862 282 porticus
893 231 1059 281 explicat
1089 232 1258 278 umbras,

259 296 397 334 ultima
425 310 512 346 pars
542 298 654 334 aulae
683 296 903 335 deficientis
933 305 1023 335 erat.

208 361 383 400 Reddita
413 363 544 400 Roma
573 361 646 400 sibi
677 370 735 400 est
765 370 802 400 et
832 370 923 400 sunt
953 370 991 400 te
1021 361 1210 412 praeside,
1244 362 1399 408 Caesar,

259 426 423 465 deliciae
453 418 599 476 pepuli,
631 440 733 476 quae
761 428 914 465 fuerant
943 427 1106 465 domini.

731 521 796 557 ΙΙΙ

1502 312 1539 332 10

205 591 319 637 Quae
349 597 427 627 tam
459 589 630 639 seposita
659 597 728 637 est,
760 604 860 639 quae
889 603 984 640 gens
1014 597 1094 628 tam
1125 590 1300 637 barbara,
1333 591 1488 636 Caesar,

258 668 303 692 ex
334 668 411 703 qua
441 663 638 703 spectator
668 667 748 692 non
779 654 826 692 sit
857 654 896 692 in
927 655 1023 693 urbe
1053 656 1148 692 tua?

204 718 309 757 venit
337 719 389 756 ab
419 720 581 768 Orpheo
612 721 738 757 cultor
770 720 1032 768 Rhodopeius
1064 721 1234 766 Haemo,

258 783 362 822 venit
393 792 430 822 et
460 792 580 833 epoto
611 785 787 822 Sarmata
816 792 950 834 pastus
980 798 1095 834 equo,

203 858 240 887 et
271 848 337 898 qui
367 848 492 898 prima
523 849 620 887 bibit
651 849 834 899 deprensi
864 849 1028 887 flumina
1057 849 1149 897 Nili,

257 922 294 951 et
324 928 441 963 quem
473 928 678 963 supremae
707 916 883 964 Tethyos
914 916 1021 953 unda
1050 914 1163 961 ferit3

203 979 397 1018 festinavit
427 980 566 1026 Arabs,
598 979 829 1018 festinavere
859 979 1011 1026 Sabaei,

256 1053 293 1082 ct
323 1045 467 1083 Cilices
497 1044 642 1083 nimbis
672 1044 736 1083 hic
767 1046 953 1083 maduere
983 1044 1072 1083 suis.

203 1109 374 1148 crinibus
405 1110 443 1147 in
475 1111 624 1148 nodum
656 1109 745 1148 torti
775 1123 916 1148 venere
945 1109 1147 1156 Sicambri,

254 1183 373 1224 atque
401 1175 511 1213 aliter
540 1175 649 1213 tortis
680 1175 851 1213 crinibus
882 1175 1110 1224 Aethiopes.

202 1253 275 1277 vox
305 1239 457 1278 diversa
485 1248 598 1278 sonat
628 1241 877 1289 populorum,
909 1248 990 1278 tum
1023 1248 1154 1278 tamen
1185 1253 1263 1277 una
1292 1248 1361 1286 est,

255 1318 344 1342 cum
376 1319 489 1343 verus
518 1305 665 1354 patriae
694 1305 835 1343 diceris
865 1319 950 1343 esse
980 1313 1099 1355 pater.

731 1400 789 1436 IV

201 1469 334 1507 'l'urba
363 1469 488 1518 gravis
518 1469 604 1518 paci
635 1469 894 1519 placidaeque
925 1469 1084 1507 inimica
1117 1467 1250 1518 quieti,

253 1548 355 1583 quae
384 1548 539 1584 semper
568 1534 727 1573 miseras
758 1534 993 1573 sollicitabat
1022 1548 1129 1583 opeS‚

201 1601 378 1637 traducta
407 1608 465 1638 est
496 1599 699 1639 †Getulis†
730 1614 802 1638 nec
832 1599 935 1649 cepit
966 1601 1111 1637 harena
1140 1598 1342 1637 nocentis:

254 1673 291 1702 et
321 1666 472 1702 delator
501 1665 620 1702 habet
650 1666 758 1714 quod
789 1665 909 1703 dabat
939 1664 1107 1702 exilium.

200 1731 328 1767 exulat
358 1728 536 1767 Ausonia
565 1731 751 1778 profugus
781 1730 932 1767 delator
960 1729 1011 1766 ab
1040 1729 1161 1766 urbe:

253 1795 352 1831 haec
381 1793 471 1831 licet
502 1793 675 1843 inpensis
705 1793 890 1843 principis
920 1795 1167 1831 adnumeres.

739 1888 775 1923 XT

202 1959 382 1995 Iunctam
414 1957 634 2006 Pasiphaen
667 1956 832 1995 Dictaeo
862 1957 1009 1995 credite
1037 1965 1171 1995 tauro:

253 2022 434 2068 vidimus,
464 2021 616 2072 accepit
645 2022 777 2060 fabula
806 2022 933 2071 prisca
962 2023 1092 2060 fidem.

201 2100 273 2125 nec
303 2100 344 2124 se
374 2087 543 2133 miretur,
575 2088 730 2133 Caesar,
761 2089 951 2136 longaeva
980 2095 1174 2125 vetustas:

253 2152 448 2201 quidquid
477 2153 581 2190 fama
610 2151 725 2198 canit,
759 2160 926 2201 praestat
955 2153 1101 2190 harena
1130 2150 1211 2189 tibi.

245 2255 273 2285 11
303 2265 338 2284 11
365 2255 424 2285 sibi
442 2254 538 2286 Ital.:
564 2266 628 2286 om.
656 2255 685 2286 T

244 2298 292 2328 111
311 2298 384 2330 hab.
412 2298 440 2327 T
568 2309 583 2337 7
608 2309 708 2338 araps
724 2298 785 2328 ΛΑ
916 2308 937 2336 9
959 2298 1056 2328 tortis
1071 2297 1145 2328 Ital.

244 2342 290 2372 1V
314 2342 389 2372 hab.
416 2341 445 2371 T
570 2351 590 2380 3
614 2347 652 2373 tr.
674 2354 703 2372 c.
720 2341 845 2380 gerulis
861 2340 1002 2371 Munro:
1035 2346 1074 2371 tr.
1091 2351 1119 2371 e.
1141 2339 1267 2370 Getieis
1283 2338 1377 2371 Ital.:

200 2386 350 2416 Gaetulis
366 2384 564 2415 Panormita
696 2386 761 2424 5-6
784 2396 857 2415 nov.
874 2385 974 2424 eptgr.
990 2383 1213 2415 Schneidewin

241 2429 271 2459 V
294 2429 368 2460 hab.
392 2429 421 2459 T
538 2439 556 2462 4
581 2434 729 2468 praestat
746 2429 827 2459 AA:
852 2428 955 2459 donat
971 2428 1045 2460 Ital.

1497 1190 1535 1211 10

1403 2339 1526 2369 tradita
