1684 2763
232 133 287 168 M.
319 132 441 168 VAL.
474 131 786 169 MARTIALIS

338 245 425 292 plus
455 244 579 281 multo
608 242 678 281 tibi
707 243 910 281 debiturus
939 242 1002 281 hic
1031 250 1090 281 est

339 322 457 358 quam
487 309 606 346 debet
634 308 798 346 domino
828 321 899 346 suo
928 308 1092 346 libellus.

340 386 430 410 narn
460 387 618 411 securus
647 372 728 419 erit,
760 386 833 411 nec
862 372 1036 422 inquieta
1522 389 1560 410 ιο

339 437 426 476 lassi
457 451 649 475 marmora
679 437 833 487 Sisyphi
862 437 1022 484 videbit,

340 516 458 552 quem
488 502 665 541 censoria
693 516 783 540 cum
814 515 904 540 meo
934 504 1076 541 Severo

340 567 446 605 docti
476 567 568 605 lima
598 567 852 605 momorderit
882 568 1064 605 Secundi.

704 650 877 685 LXXXI

234 720 395 764 Semper
425 728 572 764 pauper
601 713 685 760 eris,
718 713 748 751 si
778 727 926 763 pauper
955 727 1006 759 es,
1039 713 1271 752 Aemiliane.

287 782 429 818 dantur
458 792 553 828 opes
583 778 698 816 nullis
729 792 834 816 nune
864 778 937 815 nisi
967 778 1164 816 divitibus.

694 861 890 897 LXXXII

235 927 341 976 Quid
372 926 626 976 promittebas
657 925 752 962 mihi
782 925 897 972 milia,
931 927 1074 973 Gaure,
1104 927 1284 971 ducenta,

288 993 317 1031 si
348 994 440 1031 dare
470 1006 549 1029 non
580 1000 734 1041 poteras
766 990 883 1038 milia,
914 993 1054 1037 Gaure,
1087 992 1256 1029 decem?

233 1073 282 1096 an
313 1067 424 1107 potes
454 1066 491 1095 et
522 1070 601 1094 non
632 1057 719 1093 vis?
778 1058 905 1105 Rogo,
936 1069 1015 1093 non
1045 1064 1102 1093 est
1132 1056 1281 1105 turpius
1312 1055 1445 1094 istud?

288 1124 310 1170 i,
342 1123 410 1161 tibi
442 1122 649 1172 dispereas,
683 1123 836 1159 (laurez
876 1120 1039 1170 pusillus
1069 1122 1192 1159 homo
1222 1135 1274 1159 es.

684 1198 903 1234 LXXXIII

238 1263 470 1314 InsequeriS,
503 1262 632 1312 sugio3
670 1262 779 1311 fugis,
813 1261 1021 1310 inse(1uor;
1061 1263 1158 1299 haec
1189 1262 1282 1299 mihi
1315 1276 1425 1300 mens
1455 1270 1534 1300 est:

290 1331 387 1367 velle
417 1337 526 1366 tuum
558 1329 662 1374 nolo,
697 1326 910 1375 Dindyme,
940 1328 1044 1364 nolle
1074 1328 1174 1365 volo.

689 1404 900 1440 LXXXIV

346 1472 428 1508 Iam
460 1469 576 1507 tristis
607 1468 774 1506 nucibus
804 1481 900 1517 puer
930 1467 1071 1505 relictis

344 1538 518 1573 clamoso
548 1542 750 1572 revocatur
778 1547 800 1570 a
830 1533 1025 1583 magistro,

344 1610 381 1638 et
411 1601 558 1638 blando
588 1600 689 1636 male
718 1598 895 1647 proditus
925 1597 1068 1645 fritillo,

344 1679 483 1704 arcana
514 1666 634 1702 modo
664 1672 795 1713 raptus
825 1678 846 1701 e
875 1662 1032 1712 popina,

344 1730 510 1768 aedilem
542 1737 649 1779 rogat
679 1730 780 1766 udus
809 1729 963 1765 aleator.
1547 1743 1563 1772 5

347 1794 564 1833 Saturnalia
594 1792 778 1830 transiere
809 1800 900 1838 tota,

347 1874 418 1898 nec
450 1859 681 1896 munuscula
711 1871 826 1906 parva
856 1870 928 1894 nec
960 1855 1109 1893 minora

348 1923 484 1961 misisti
515 1923 620 1968 mihi,
653 1923 775 1967 Galla,
809 1935 926 1971 quam
957 1922 1122 1959 solebas.

348 1991 449 2027 Sane
479 1988 533 2025 sie
561 1989 675 2025 abeat
706 2000 816 2024 meus
848 1987 1091 2024 December:

349 2054 422 2091 scis
453 2060 566 2098 certe,
599 2060 704 2102 puto,
736 2059 861 2089 vestra
892 2051 967 2088 iam
998 2051 1129 2089 venire
1529 2068 1566 2089 10

350 2117 576 2162 Saturnalia,
612 2116 772 2154 Martias
805 2118 1031 2163 Kalenda83

349 2192 442 2221 tunc
472 2183 632 2220 reddam
664 2181 744 2227 tibi,
778 2182 900 2227 Galla,
933 2182 1039 2230 quod
1071 2180 1224 2218 dedisti.

288 2286 435 2316 LXXXI
461 2286 532 2317 hal).
559 2285 617 2315 TI?
705 2295 724 2314 2
748 2284 828 2314 nulli
846 2284 903 2313 AA
922 2287 958 2313 u!
972 2283 1033 2315 vid.
1049 2283 1098 2322 ‹ss-li
1123 2284 1167 2313 T:
1190 2283 1269 2313 —lius
1289 2283 1332 2312 R}
1348 2283 1381 2312 D
1399 2283 1543 2322 [171er
1561 2296 1567 2314 :

244 2331 343 2360 nullis
359 2330 461 2359 buc-A
596 2327 761 2358 LXXXII
787 2327 859 2358 hab.
885 2327 943 2356 TR
988 2339 1005 2365 4
1031 2326 1055 2367 i]
1075 2327 1100 2357 si
1116 2327 1172 2356 ΑΑ
1192 2328 1281 2357 (cum
1294 2325 1355 2365 X),
1372 2327 1456 2356 unde
1468 2328 1492 2356 si
1509 2328 1566 2357 thi

245 2374 437 2411 (lisoendas,
458 2373 510 2410 G.,
528 2382 558 2411 p.
575 2373 593 2401 h
624 2382 651 2400 e.
672 2372 711 2404 (ζ’
735 2371 853 2401 Gt'lbert
915 2374 965 2400 est
984 2370 1065 2400 AA:
1088 2381 1125 2400 es
1143 2370 1247 2400 ΒΑΕᾺ
1384 2370 1565 2401 LXXXIII

242 2418 306 2448 hah
342 2416 400 2446 TR
586 2414 765 2445 LXXXIV
789 2425 809 2453 3
833 2414 963 2444 fritillos
978 2413 1031 2443 BA
1162 2423 1181 2452 5
1206 2413 1350 2444 aedilum
1370 2413 1416 2444 CA
1547 2424 1567 2453 9

244 2462 364 2492 habeat
380 2459 468 2491 codd.
489 2459 602 2499 (abeat
621 2458 703 2498 QF)
