1684 2715
272 123 328 160 M.
361 123 482 161 VAL.
516 125 830 165 MARTIALIS

749 240 804 276 LI

219 307 312 343 Non
343 306 434 344 facit
463 308 515 345 ad
545 321 682 346 saevos
712 309 850 356 cervix,
884 309 958 348 nisi
987 310 1124 361 prima,
1156 313 1302 352 leones.

271 371 367 421 quid
396 371 496 421 fugis
526 374 599 411 hos
629 375 779 421 dentes,
811 374 1019 414 ambitiose
1049 378 1190 427 lepus?

216 436 364 475 scilicet
393 451 415 475 a
445 438 595 487 magnis
624 441 675 478 ad
705 447 742 478 te
772 441 1013 480 descendere
1043 442 1160 480 tauris

270 510 307 539 et
337 515 438 551 quae
467 517 547 541 non
578 513 743 543 cernunt
773 507 947 556 frangere
977 508 1078 545 colla
1106 508 1211 546 velis.

216 568 461 617 desperanda
491 568 561 606 tibi
591 577 648 607 est
679 569 846 620 ingentis
875 571 996 621 gloria
1025 572 1120 611 fati:
1528 592 1544 623 5

270 645 348 669 non
380 641 491 682 potes
521 635 598 672 hoc
628 635 755 673 tenuis
786 638 930 685 praeda
959 637 1033 675 sub
1063 638 1177 676 hoste
1208 639 1315 677 mori.

727 719 805 756 LII

323 786 577 824 Commendo
607 786 688 834 tibi,
721 788 949 837 Quintiane‚
982 797 1191 828 nostros—

322 859 476 889 nostros
505 852 636 891 dicere
665 853 695 891 si
727 861 857 892 tamen
889 854 1042 892 libellos

320 929 495 965 possum,
527 931 627 967 quos
657 918 792 957 recitat
821 927 911 957 tuus
941 928 1135 969 poeta—:

320 980 349 1018 si
381 981 431 1019 de
460 982 616 1021 servitio
644 983 748 1032 gravi
778 991 1004 1033 queruntur,

318 1047 495 1084 adsertor
523 1048 655 1086 venias
686 1048 858 1099 satisque
888 1058 1071 1099 praestQS,
1525 1069 1541 1099 5

319 1118 368 1156 et,
400 1125 489 1149 curn
521 1126 562 1150 se
591 1113 799 1151 dominum
830 1114 986 1153 vocabit
1017 1114 1092 1161 ille,

318 1175 426 1213 dicas
456 1190 541 1215 esse
571 1191 679 1216 meos
710 1192 910 1228 manuque
941 1179 1091 1217 missos.

320 1242 394 1278 hoc
424 1241 453 1279 si
485 1249 621 1292 terque
651 1251 867 1294 quaterque
897 1244 1117 1290 clamitans,

320 1305 485 1356 inpones
515 1307 702 1357 plagiario
731 1311 936 1358 pudorem.

713 1392 815 1428 LIII

213 1461 299 1496 Vna
328 1466 385 1497 est
416 1459 454 1496 in
486 1459 627 1498 nostris
657 1469 734 1508 tua,
768 1461 985 1508 Fidentine,
1019 1462 1158 1500 libellis

211 1523 361 1573 pagina,
394 1527 463 1563 sed
494 1534 598 1564 certa
627 1526 778 1565 domini
809 1526 959 1576 signata
989 1528 1120 1577 figura,

210 1602 310 1637 quae
341 1597 406 1627 tua
436 1591 603 1628 traducit
633 1591 842 1630 manifesto
871 1592 1045 1630 carmina
1074 1594 1187 1631 furto.

209 1653 263 1691 sic
295 1653 544 1703 interpositus
574 1655 666 1693 villo
697 1657 939 1694 contaminat
970 1665 1090 1695 uncto

210 1717 343 1756 urbica
375 1719 616 1769 Lingonicus
646 1721 906 1770 Tyrianthina
936 1722 1252 1768 bardocuculluS,
1518 1741 1534 1771 5

209 1783 263 1821 sic
294 1783 497 1822 Arretinae
526 1784 674 1823 violant
704 1785 924 1835 crystallina
954 1794 1087 1833 testae,

208 1848 262 1885 sic
293 1847 400 1897 niger
429 1849 467 1886 in
498 1849 589 1899 ripis
619 1858 717 1888 errat
748 1864 837 1888 cum
867 1851 966 1889 forte
996 1851 1158 1901 Caystri,

208 1912 306 1951 inter
339 1915 515 1952 Ledaeos
544 1914 691 1953 ridetur
719 1929 857 1954 corvus
887 1917 1025 1962 olores,

208 1978 263 2014 sic
295 1978 360 2016 ubi
392 1979 604 2018 multisona
634 1981 754 2018 fervet
784 1994 892 2019 sacer
922 1981 1086 2019 Atthide
1115 1983 1237 2027 lucus,

208 2043 374 2092 inproba
404 2045 617 2094 Cecropias
647 2045 812 2083 offendit
842 2046 930 2095 pica
959 2048 1148 2095 querelas.
1496 2065 1534 2086 10

208 2107 337 2146 indice
368 2122 447 2146 non
478 2123 577 2159 opus
607 2118 665 2148 est
695 2110 836 2149 nostris
866 2125 939 2149 nec
968 2111 1098 2149 iudice
1128 2111 1245 2157 libris,

207 2180 281 2210 stat
311 2182 446 2211 contra
477 2174 652 2225 dicitque
681 2175 750 2214 tibi
782 2184 848 2214 tua
877 2176 1019 2226 pagina
1050 2178 1154 2214 ‘Fur
1182 2178 1248 2215 es.y

253 2272 293 2301 LI
318 2272 392 2302 lmb.
420 2272 448 2301 T
555 2284 573 2303 2
596 2274 773 2304 ambitiosa
790 2275 871 2304 ΑΑτ
894 2275 1073 2306 ambitiose
1089 2276 1197 2306 BACA
1306 2286 1324 2313 4
1350 2276 1434 2306 uelis
1452 2277 1532 2308 AA:

207 2315 312 2345 uelint
329 2315 537 2354 BACA„sort.
556 2322 629 2347 resse
717 2327 736 2355 5
762 2318 837 2348 sacti
861 2318 890 2348 T
1167 2319 1228 2349 LII
1254 2329 1273 2348 2
1295 2319 1322 2349 si
1340 2324 1362 2350 t.
1382 2321 1413 2349 d.
1433 2320 1490 2349 BA

252 2359 330 2388 LIII
356 2369 405 2390 vv.
426 2369 496 2398 1—3,
515 2361 601 2390 6-12
618 2361 690 2390 hal).
711 2361 740 2390 T
843 2371 863 2400 3
887 2362 1027 2392 crimina
1047 2362 1097 2392 CA
1198 2373 1216 2400 4
1240 2362 1440 2402 interposito
1456 2363 1531 2394 BA:

206 2403 425 2441 interpositus
441 2403 490 2433 CA
547 2404 628 2434 uillo
641 2402 800 2435 Heinsius
814 2415 820 2434 :
845 2405 921 2435 uilis
934 2405 1008 2435 BA:
1032 2406 1114 2436 uitio
1129 2405 1178 2436 CA
1193 2406 1306 2445 (spro
1320 2406 1356 2437 L.
1375 2407 1387 2436 Ι
1402 2411 1462 2446 pro
1474 2407 1530 2437 Li:

208 2445 261 2475 vili
276 2468 284 2477 .
304 2470 310 2477 .
324 2470 331 2476 .
349 2456 435 2477 unco
450 2445 582 2477 Scrt'vcr.
655 2458 671 2486 7
690 2453 803 2479 errant
818 2449 878 2479 ΛΑ
893 2460 900 2479 :
924 2454 1013 2480 errat
1030 2449 1136 2479 BACA
1201 2460 1222 2488 9
1239 2449 1393 2491 Atthide]
1409 2450 1487 2481 alite
1506 2451 1535 2481 T
