1684 2763
198 134 251 170 M.
285 132 407 169 VAL.
439 133 753 171 MARTIALIS

301 243 479 293 ignoscas
508 243 689 294 petimus,
721 246 913 283 Vacerra:
953 246 1049 284 tanti

302 321 382 346 non
412 316 480 355 est,
513 316 556 347 ut
584 310 761 359 placeam
791 309 872 357 tibi,
904 310 1038 360 perire.

695 383 807 419 LXX

195 444 354 491 Quanta
383 442 493 492 quies
522 442 665 492 placidi
696 451 839 482 tantast
869 444 1053 483 facundia
1083 446 1246 491 Nervae,

247 507 317 545 sed
346 507 506 546 cohibet
535 508 632 546 vires
663 508 945 558 ingeniumque
974 511 1111 559 pudor.

195 584 285 609 cum
314 571 459 610 siccare
488 585 637 610 sacram
668 574 773 622 largo
804 573 1051 612 Permessida
1079 582 1211 623 posset

248 649 324 683 ore,
356 639 619 675 verecundam
649 638 785 675 maluit
814 652 898 676 esse
927 638 1045 685 sitim,

196 701 360 739 Pieriam
391 702 498 739 tenui
527 703 695 739 frontem
724 702 906 740 redimire
935 716 1081 741 corona
1503 721 1519 751 5

248 773 457 804 contentus
487 767 614 804 famae
644 779 717 804 nec
746 767 838 805 dare
867 768 953 805 vela
982 781 1086 805 suae.

196 831 263 868 sed
294 838 425 869 tamen
455 832 560 868 hunc
590 830 711 868 nostri
740 831 812 869 scit
841 832 1027 881 temporis
1057 846 1141 870 esse
1170 833 1383 877 Tibullum,

248 895 420 933 carmina
449 895 515 945 qui
545 895 652 934 docti
682 904 775 934 nota
805 896 974 935 Neronis
1004 898 1133 935 habet.

678 970 810 1006 LXXI

196 1021 391 1081 Quattuor
419 1033 566 1082 argenti
596 1033 711 1071 libras
743 1033 838 1071 mihi
868 1041 1045 1084 tempore
1074 1035 1235 1073 brumae

250 1097 385 1135 misisti
413 1105 504 1135 ante
532 1111 668 1144 annos,
702 1097 965 1145 Postumiam,
997 1100 1162 1145 decem3

195 1161 364 1211 speranti
394 1163 670 1212 plures-nam
701 1170 801 1200 stare
829 1170 896 1200 aut
925 1176 1099 1201 crescere
1128 1164 1274 1202 debent

249 1234 655 1264 munera—venerunt
684 1228 819 1276 plusve
850 1227 1028 1265 minusve
1057 1229 1185 1273 duae:

196 1290 327 1328 tertius
357 1297 395 1328 et
424 1297 584 1339 quartus
615 1291 738 1328 multo
769 1290 949 1328 inferiora
982 1292 1177 1337 tulerunt:
1503 1309 1519 1338 f>

248 1354 344 1392 libra
373 1354 444 1392 fuit
473 1354 611 1403 quinto
641 1354 865 1404 Septiciana
895 1354 1083 1404 quidem;

195 1420 366 1457 besalem
396 1420 446 1456 ad
477 1420 669 1457 scutulam
700 1427 809 1457 sexto
839 1420 1088 1468 pervenimus
1117 1433 1249 1465 anno:

248 1491 336 1531 post
365 1484 470 1521 hunc
500 1483 538 1520 in
568 1485 700 1521 cotula
728 1497 812 1521 rasa
841 1484 982 1522 selibra
1011 1485 1102 1522 data
1131 1493 1212 1531 est:

193 1556 353 1585 octavus
384 1547 543 1597 ligulam
574 1548 678 1586 misit
708 1556 884 1587 sextante
915 1549 1133 1596 minorem3

248 1626 374 1650 nonus
403 1626 475 1650 acu
506 1612 628 1650 levius
657 1613 719 1650 vix
748 1615 923 1652 cocleare
953 1614 1049 1651 tulit.
1482 1631 1521 1651 10

193 1678 301 1725 quod
332 1677 459 1715 mittat
490 1677 603 1715 nobis
634 1679 826 1716 decumus
856 1678 933 1716 iam
964 1692 1043 1716 non
1074 1678 1192 1716 habet
1222 1692 1373 1716 annus:

246 1749 429 1791 quattuor
457 1743 507 1780 ad
538 1742 664 1788 libras,
699 1742 966 1790 Postumiane,
996 1742 1089 1781 redi.

667 1817 824 1853 LXXII

300 1880 492 1917 Nondum
523 1878 669 1917 murice
699 1881 826 1917 cultus
855 1893 1072 1929 asperoque

302 1957 434 1982 morsu
464 1943 631 1994 pumicis
660 1944 758 1981 aridi
788 1944 931 1993 politus

301 2011 502 2047 Arcanum
534 2022 720 2058 properas
750 2008 871 2058 sequi,
904 2008 1044 2053 libelle,

301 2086 419 2122 quem
449 2073 709 2123 pulcherrima
740 2073 816 2110 iam
846 2073 970 2111 redire
1001 2073 1146 2119 Narbo,

240 2151 353 2180 LXIX
371 2162 389 2188 4
408 2155 458 2181 est
474 2151 584 2181 ΑΑΕΑ
605 2162 611 2181 ι
635 2161 672 2181 es
688 2150 743 2181 BA
888 2150 982 2181 LXX
1004 2161 1015 2180 1
1036 2156 1128 2181 tanta
1146 2156 1198 2181 est
1214 2151 1267 2180 BA
1285 2163 1291 2181 :
1315 2156 1407 2181 tanta
1424 2151 1449 2181 si
1471 2152 1520 2182 CA

194 2204 320 2223 uernae
346 2195 435 2235 (-ne)
462 2198 498 2224 ut
520 2194 583 2224 vid.
610 2194 667 2224 BA
691 2194 764 2229 (sed
784 2194 817 2224 iu
842 2194 952 2225 lemm.
978 2204 1064 2224 LAvs
1082 2194 1237 2231 NERVAE)
1349 2204 1368 2233 3
1392 2194 1518 2225 siccare

195 2236 249 2266 BA
264 2248 270 2266 :
294 2238 420 2267 saciare
436 2237 485 2267 CA
566 2247 660 2267 sacra
679 2237 729 2267 CA
810 2242 950 2277 possent
967 2237 1015 2267 CA
1096 2247 1170 2267 cum
1184 2238 1307 2267 satiare
1320 2248 1413 2268 sacra
1427 2239 1518 2277 large

197 2280 407 2309 Permesside
433 2285 549 2319 posset
568 2280 637 2310 Ora
654 2280 814 2310 Heinsius
945 2291 964 2318 4
988 2281 1180 2310 verecunda
1199 2280 1249 2310 CA
1341 2281 1467 2311 malluit
1491 2282 1522 2311 P

195 2332 214 2360 5
239 2323 391 2353 frondem
419 2323 468 2353 CA
599 2324 752 2354 redimita
781 2323 831 2353 CA
918 2333 1075 2353 coronam
1100 2322 1157 2352 BA
1286 2324 1307 2354 8
1331 2329 1445 2354 nostra
1470 2323 1520 2354 CA

197 2366 308 2395 LXXI
336 2366 407 2396 lmb.
445 2366 474 2395 T
556 2368 576 2395 6
599 2367 648 2396 vel
675 2366 867 2406 Septitiana
960 2376 999 2396 10
1021 2366 1173 2396 aculeole
1200 2366 1253 2396 sui
1280 2377 1309 2397 c.
1342 2366 1392 2397 CA
1419 2367 1520 2406 <unde

194 2409 364 2440 aculeolae
381 2419 440 2439 seu
460 2420 486 2440 e.
510 2408 635 2449 XCG2)
860 2409 991 2439 LXXII
1016 2419 1035 2447 3
1059 2409 1253 2440 Archanum
1275 2409 1329 2440 BA
1352 2412 1440 2449 (cum
1466 2409 1515 2447 X)

194 2463 213 2490 4
240 2453 351 2483 ridere
370 2452 424 2482 BA
