1684 2763
775 139 1244 178 EPIGRAMMATON
1278 141 1380 177 LIB.

232 250 346 291 certis
377 250 532 290 indiciis
562 249 655 288 satis
685 251 875 301 probavit,

232 315 441 353 custodem
472 312 542 351 tibi
573 326 674 362 quae
704 313 814 352 dedit
845 315 1078 363 spadonem.

232 379 298 417 Nil
328 378 504 416 nasutius
535 379 608 416 hac
638 377 937 428 maligniusque.

648 472 719 509 LV

231 543 300 581 Vis
331 550 379 590 te,
412 544 538 589 Sexte,
571 541 671 580 coli:
710 543 892 581 volebam
923 556 1065 582 amare.

231 609 450 659 parendum
481 615 539 646 est
568 607 666 646 tibi:
705 609 814 658 quod
845 608 967 655 iubes,
1000 610 1155 647 colere:

231 675 300 712 sed
330 674 361 712 si
391 682 429 712 te
458 675 558 721 colo,
591 674 717 720 Sexte,
750 687 829 711 non
859 674 1015 712 amabo.

637 768 730 805 LVI

124 837 319 876 Gentibus
350 837 388 876 in
420 837 578 888 Libycis
608 852 705 876 uxor
734 845 812 884 tua,
845 839 968 884 Galle,
1003 839 1103 876 male
1131 838 1242 877 audit

176 903 401 942 inmodicae
432 905 551 941 foedo
581 903 744 941 crimine
773 903 968 941 avaritiae.

122 970 192 1007 sed
223 982 329 1007 mera
358 977 562 1007 narrantur
592 968 823 1007 mendacia:
864 982 944 1006 non
976 970 1075 1006 solet
1105 968 1169 1006 illa

174 1034 353 1084 accipere
383 1033 558 1072 omnino.
619 1033 728 1082 Quid
760 1035 859 1071 solet
889 1035 1012 1083 ergo?
1071 1035 1185 1072 Dare.

622 1123 741 1159 LVII

123 1192 202 1230 Hic
233 1206 352 1243 quern
382 1191 523 1231 videtis
553 1192 749 1242 gressibus
779 1191 885 1241 vagis
915 1193 1077 1238 lentum,

120 1256 448 1306 amethystinatus
479 1256 611 1295 media
640 1256 708 1306 qui
739 1264 845 1295 secat
875 1258 1030 1307 Saepta,

120 1335 238 1372 quem
270 1336 350 1360 non
381 1321 547 1360 lacernis
578 1321 742 1360 Publius
772 1335 883 1360 meus
913 1321 1044 1368 vincit,

121 1401 200 1425 non
231 1387 314 1438 ipse
345 1388 501 1427 Cordus
531 1389 650 1437 alpha
679 1389 992 1436 paenulatorum,

120 1466 239 1502 quem
268 1466 360 1503 grex
389 1461 544 1503 togatus
574 1452 750 1502 sequitur
779 1460 817 1490 et
847 1452 1052 1502 capillatus

120 1531 335 1568 recensque
366 1520 459 1556 sella
489 1517 699 1567 linteisque
729 1517 911 1567 lorisque,

120 1582 391 1633 oppigneravit
422 1584 544 1621 modo
575 1583 697 1620 modo
726 1583 776 1620 ad
809 1581 923 1621 Cladi
954 1595 1133 1620 mensam

121 1647 182 1685 vix
212 1656 303 1686 octo
334 1648 507 1686 nummis
537 1650 713 1694 anulum,
746 1649 852 1686 unde
883 1655 1050 1685 cenaret.

589 1737 750 1773 ‘LVIII

125 1809 293 1845 Pexatus
325 1808 488 1857 pulchre
518 1805 621 1845 rides
652 1820 750 1852 mea,
783 1806 900 1850 Zoile,
934 1806 1031 1844 trita.

173 1873 272 1910 Sunt
302 1873 400 1910 haec
430 1871 519 1910 trita
549 1871 723 1922 quidem,
755 1871 875 1918 Zoile,
907 1873 977 1910 sed
1009 1884 1096 1909 mea
1127 1877 1228 1908 sunt.

632 1961 729 1997 LIX

125 2029 230 2068 Mica
259 2043 400 2068 vocor:
441 2030 536 2080 quid
568 2030 641 2068 sim
672 2030 809 2077 cernis,
842 2029 997 2068 cenatio
1028 2042 1172 2078 parva:

172 2108 218 2133 ex
249 2108 311 2133 me
342 2096 580 2134 Caesareum
611 2095 801 2145 prospicis
832 2109 925 2133 ecce
955 2096 1120 2132 tholum.

162 2198 237 2228 LIV
261 2208 279 2237 5
305 2198 553 2238 maligniusque
572 2204 622 2229 est
641 2198 718 2229 BA:
743 2199 993 2239 maligniusque
1013 2200 1091 2227 som.
1112 2196 1181 2235 est)
1201 2196 1249 2226 CA

1416 141 1455 177 11

162 2241 220 2271 LV
240 2251 253 2271 1
274 2242 431 2273 nolebam
451 2243 500 2273 CA
589 2243 691 2273 amari
707 2243 763 2272 BA
869 2253 888 2273 2
914 2242 1034 2272 coleris
1051 2241 1127 2271 BA:
1155 2240 1265 2270 colere
1285 2238 1333 2269 CA
1437 2249 1455 2276 3

117 2290 213 2315 sexte
231 2286 305 2315 colo
323 2286 377 2315 BA
569 2286 643 2316 LVI
669 2286 742 2317 lmb.
766 2285 795 2315 T
927 2296 939 2315 1
969 2285 1127 2315 malaudit
1144 2284 1197 2313 ΒΑ
1216 2286 1296 2321 (om.
1311 2281 1386 2321 PQ)
1409 2281 1455 2311 (A

118 2339 137 2358 2
161 2329 330 2359 inmodice
346 2328 396 2359 CA
499 2329 601 2360 foede
619 2331 728 2367 fidae)
747 2329 802 2358 BA
915 2329 1043 2360 crimen
1068 2329 1097 2358 T
1110 2327 1245 2368 (etsorl.
1264 2325 1336 2359 ΛΑ)

163 2372 254 2402 LVII
281 2383 300 2401 2
325 2383 422 2411 quern
441 2383 507 2403 sec.
526 2378 636 2403 saetta
656 2374 749 2408 ueta&
772 2373 819 2403 CA
839 2374 918 2412 (pro
937 2373 1078 2411 Saepta)
1232 2380 1251 2408 3
1277 2368 1386 2399 cernis
1407 2367 1453 2397 (A

120 2425 135 2453 7
161 2415 259 2446 Cladi
275 2415 487 2446 Salmasius:
512 2417 602 2456 gladi
619 2417 696 2447 BA:
719 2417 828 2447 claudi
849 2416 897 2446 CA
1176 2413 1284 2443 LVIII
1310 2412 1382 2443 lzab.
1409 2411 1437 2440 T
