1684 2715
794 96 1262 135 EPIGRAMMATON
1296 98 1464 135 LIBER

631 207 739 244 XIII

128 279 213 316 Icta
241 276 344 327 gravi
376 278 455 315 telo
485 277 751 326 confossaque
780 278 941 315 vulnere
971 285 1094 316 mater

180 356 245 381 sus
276 341 417 392 pariter
447 341 565 380 vitam
597 341 768 391 perdidit
797 349 916 392 atque
945 342 1066 381 dedit.

126 422 150 446 o
180 421 299 458 quarn
330 415 435 446 certa
464 407 536 445 fuit
566 407 708 446 librato
738 408 899 445 dextera
928 409 1051 446 ferro!

179 475 283 511 hanc
313 486 386 522 ego
417 471 593 511 Lucinae
623 474 742 511 credo
773 472 893 511 fuisse
924 487 1098 511 manum.

127 546 285 588 experta
313 546 371 576 est
401 551 551 576 numen
581 537 754 576 moriens
784 538 989 588 utriusque
1021 538 1184 585 Dianae,
1449 555 1466 585 5

181 617 338 654 quaque
368 605 496 642 soluta
524 617 665 654 parens
695 617 853 655 quaque
883 612 1087 654 perempta
1116 605 1195 642 fera
1225 612 1293 642 est.

636 687 737 723 XIV

128 758 201 795 Sus
231 758 311 795 fera
339 756 417 794 iam
446 756 598 806 gravior
627 755 768 794 maturi
797 755 960 805 pignore
989 756 1133 795 ventris

182 822 311 861 emisit
340 823 475 869 fetum,
506 823 669 860 vulnere
697 823 801 860 facta
829 835 970 871 parens
985 837 995 870 3

128 901 202 926 nec
232 887 350 926 iacuit
380 895 524 937 partus,
556 888 627 925 sed
657 895 780 925 matre
809 888 977 925 cadente
1007 887 1186 925 cucurrit.

184 954 219 992 O
250 961 443 1003 quantum
473 960 532 991 est
561 951 701 991 subitis
731 951 887 990 casibus
917 951 1143 1002 ingenium!

652 1041 729 1077 XV

129 1114 292 1150 Summa
321 1119 422 1158 tuae,
456 1112 667 1160 Meleagre,
699 1109 771 1148 fuit
800 1123 902 1160 quae
931 1110 1053 1160 gloria
1081 1111 1220 1157 famae,

184 1185 368 1228 quantast
399 1175 648 1226 Carpophori
677 1175 819 1226 portio,
852 1177 962 1214 fusus
991 1179 1108 1225 aper!

131 1242 194 1281 ille
224 1250 262 1281 et
291 1241 494 1293 praecipiti
524 1242 721 1280 venabula
750 1241 930 1280 condidit
960 1255 1062 1288 urso,

184 1308 332 1358 primus
362 1307 402 1345 in
433 1307 569 1346 Arctoi
599 1307 667 1357 qui
698 1307 770 1346 fuit
799 1321 888 1346 arce
918 1307 1010 1357 poli,

131 1373 264 1412 stravit
293 1381 331 1411 et
360 1373 495 1423 ignota
524 1374 787 1423 spectandum
817 1374 923 1411 rnole
952 1374 1122 1419 leonem,
1455 1387 1472 1417 5

187 1440 407 1477 Herculeas
437 1438 565 1488 potuit
595 1438 663 1488 qui
694 1438 876 1477 decuisse
906 1452 1058 1485 manus,

132 1514 169 1544 et
199 1506 398 1543 volucrem
430 1506 549 1554 longo
579 1503 749 1554 porrexit
778 1505 939 1543 vulnere
968 1505 1146 1554 pardum.

187 1569 360 1621 praemia
389 1583 480 1608 cum
510 1571 694 1609 †laudem
725 1571 823 1608 ferre
851 1570 984 1608 adhuc
1013 1572 1225 1619 poteram†.

641 1659 740 1695 XVI

135 1731 288 1778 Raptus
317 1729 399 1766 abit
429 1727 561 1766 media
590 1729 699 1778 quod
727 1729 779 1766 ad
808 1729 969 1766 aethera
997 1734 1130 1765 taurus
1160 1727 1317 1773 harena,

188 1807 268 1832 non
299 1793 370 1832 fuit
400 1795 477 1832 hoc
505 1793 609 1841 artis,
641 1794 712 1832 sed
741 1792 897 1843 pietatis
927 1806 1038 1843 opus.

620 1882 719 1919 XVI
742 1881 767 1919 b

136 1954 304 1990 Vexerat
336 1953 523 2001 Europen
553 1953 722 1989 fraterna
752 1965 820 2001 per
848 1964 1021 2001 aequora
1050 1958 1207 1988 taurus:

189 2025 228 2055 at
258 2031 365 2055 nunc
394 2017 565 2056 Alciden
595 2025 728 2055 taurus
758 2016 798 2054 in
826 2024 930 2055 astra
958 2016 1056 2055 tulit.

182 2121 267 2151 XIII
293 2121 365 2152 lmb.
391 2120 421 2150 T
542 2132 561 2152 2
585 2122 762 2161 suspirans
778 2132 808 2152 v.
827 2120 901 2152 Ital.
1031 2122 1052 2150 6
1076 2119 1183 2150 soluta
1200 2118 1296 2149 Jtal.:
1322 2116 1431 2147 salute
1452 2115 1478 2146 Τ

139 2165 209 2195 fera
227 2164 301 2196 Ital.
322 2177 328 2196 :
353 2166 440 2196 sama
462 2165 491 2195 T

182 2208 265 2239 XIV
288 2209 361 2240 hab.
385 2208 420 2241 T.
491 2208 577 2239 Cum
596 2208 682 2239 XIII
700 2208 796 2247 confl.
817 2208 876 2238 ΑΑ
893 2220 899 2239 ;
922 2218 1003 2239 corr.
1022 2207 1097 2238 Ital.
1200 2215 1211 2234 1
1240 2205 1382 2244 pignora
1398 2203 1472 2233 Ital.

139 2263 159 2292 3
184 2252 316 2293 partus]
336 2252 421 2282 fetus
438 2251 475 2283 N

184 2296 247 2326 XV
271 2296 343 2326 lzab.
366 2296 395 2326 T
461 2306 473 2325 1
494 2296 603 2326 famae
615 2296 711 2327 Ital.:
740 2306 834 2326 sume
855 2295 884 2325 T
945 2305 964 2324 2
985 2299 1109 2334 quanta
1124 2298 1174 2323 est
1188 2291 1262 2322 Ital.
1281 2303 1287 2321 ε
1313 2295 1473 2329 quantum

141 2345 194 2370 est
206 2339 285 2370 AA:
302 2340 465 2379 quantula
476 2339 597 2369 Iunius
611 2351 617 2369 ε
631 2340 711 2379 sort.
726 2344 818 2369 tanta
830 2344 881 2369 est
940 2339 961 2368 8
978 2348 1028 2377 pr.
1041 2347 1115 2368 cum
1129 2336 1237 2366 laudis
1250 2335 1357 2371 g-durn
1372 2333 1453 2362 Ellis
1469 2344 1474 2362 :

143 2384 278 2413 tandem
292 2383 527 2423 Sclmeidewin)
539 2383 770 2421 ferret,adhuc
784 2387 914 2422 poterat
926 2381 1005 2412 Αἶά.
1020 2393 1026 2412 :
1043 2381 1153 2420 pr.cui
1166 2380 1297 2409 laudern
1310 2377 1397 2407 ferre
1408 2377 1474 2405 duo

145 2432 197 2465 (sc.
211 2437 309 2458 ursus
323 2431 357 2457 et
371 2427 438 2468 leo)
452 2431 610 2466 poterant
623 2426 796 2457 Buecheler
893 2425 973 2456 XVI
992 2425 1065 2455 hab.
1086 2424 1115 2455 T
1173 2433 1184 2453 1
1205 2422 1245 2452 ad
1259 2421 1349 2451 Item:
1365 2430 1430 2450 om.
1452 2418 1480 2449 T
