1684 2715
713 99 1033 137 PRAEFATIO

208 206 369 257 singulis
394 206 544 257 paginis
570 214 660 245 sunt
686 209 736 254 48
759 207 836 259 (47,
860 209 927 258 49)
948 221 1080 246 versus
1109 207 1147 245 in
1169 209 1323 246 duabus
1344 209 1539 247 columnis

208 272 277 322 (24
311 271 350 309 in
385 280 548 322 utraque
578 274 781 321 columna)
810 273 1001 323 dispositi.
1062 272 1193 310 Huius
1223 273 1371 311 codicis
1401 274 1536 323 optimi

206 336 395 375 lectiones
433 336 660 387 plenissime
697 337 791 375 alibi
826 339 1236 387 <ancientEdissons
1273 338 1320 386 af
1343 340 1540 384 Martia&

206 403 308 451 App.
332 402 387 452 A>
406 402 568 452 exposui
591 401 658 453 (cf.
684 403 806 441 Class.
829 405 924 441 Rev.
948 417 1006 450 xv,
1030 402 1138 453 413).

260 466 521 518 P(alatinum)
542 466 779 504 Vaticanum
803 468 884 517 (lat.
912 470 1030 516 1696)
1052 469 1301 505 chartaceum
1331 481 1429 505 saec.
1454 467 1541 504 xvi

206 532 387 571 codicem
435 534 609 570 eundem
656 546 742 571 esse
785 547 830 571 ac
873 533 1140 571 ‘Palatinum'
1180 533 1335 571 Gruteri
1375 533 1540 571 credidit

206 597 467 645 Scheidewin,
493 597 648 647 negavit
679 598 842 645 Gilbert,
875 598 1157 637 demonstravit
1188 599 1541 648 Maleyn<‘s1[art-

205 664 332 709 slalu,⁷
372 664 408 701 S.
447 663 620 701 Petersb.
667 663 800 714 1901),
838 663 905 713 qui
951 663 1240 702 Schneidewini
1286 663 1539 702 collationem

206 727 383 778 pluribus
404 727 500 766 locis
522 727 698 766 correxit.
750 730 957 766 Lemmata
977 728 1305 778 epigrammatum
1327 736 1363 766 et
1387 730 1541 767 Genna-

206 793 347 831 dianae
372 792 680 843 subscriptiones
707 807 832 842 usque
859 807 882 831 a
910 794 986 831 fine
1014 793 1078 831 lib.
1102 791 1150 829 Vi
1171 794 1314 831 desunt
1328 794 1352 840 ¹,
1373 795 1474 832 adeo
1499 802 1539 831 ut

208 857 373 895 Palatini
395 858 663 896 testimonium
679 859 728 896 de
745 858 995 896 lemmatibus
1014 858 1052 895 in
1069 857 1205 896 Xeniis
1223 866 1260 896 et
1274 859 1539 908 Apophoretis

206 922 460 961 desideretur.

262 990 321 1026 Ex
350 989 492 1026 eodem
522 995 683 1038 parente
712 994 830 1037 atque
860 989 902 1025 P
925 995 1031 1025 ortus
1061 995 1119 1025 est
1153 987 1202 1037 Q,
1222 988 1540 1035 Arondellianus,

207 1052 301 1090 olim
336 1052 715 1102 Pyrkheimerianus,
749 1053 876 1090 codex
905 1053 1134 1090 chartaceus
1167 1053 1297 1091 Musei
1327 1053 1538 1091 Britannici

206 1117 412 1168 (Arondel.
441 1118 546 1167 136),
574 1131 673 1155 saec.
696 1120 793 1155 XVo
812 1118 851 1155 in
884 1117 997 1155 Italia
1026 1117 1321 1167 septentrionali
1351 1127 1542 1159 exaratus.

208 1184 277 1221 sed
304 1190 455 1232 postea,
475 1183 515 1220 ni
539 1184 663 1231 fallor,
683 1182 723 1220 in
749 1182 953 1221 Bavariam
983 1184 1121 1220 allatus
1135 1185 1157 1220 ².
1219 1183 1427 1221 Bavaricus
1455 1197 1541 1234 pos-

208 1261 335 1286 sessor
363 1247 457 1298 (Q'2)
488 1255 615 1286 totum
647 1247 827 1286 codicem
859 1248 910 1285 ab
942 1247 1053 1285 initio
1085 1249 1135 1286 ad
1166 1249 1284 1286 finem
1316 1249 1539 1287 emendavit

207 1311 349 1362 (immo
383 1312 558 1364 vitiavit),
597 1314 697 1351 Itala
730 1312 959 1351 recensione
991 1312 1184 1362 pessimae
1216 1321 1333 1351 notae
1367 1327 1471 1360 usus,
1503 1322 1539 1351 et

208 1377 489 1427 epigrammata
513 1392 614 1428 quae
641 1386 708 1416 aut
734 1391 757 1416 a
777 1378 905 1416 scriba
925 1379 1016 1429 (0¹)
1037 1378 1309 1427 praetermissa
1339 1386 1447 1416 erant
1474 1387 1539 1416 aut

208 1456 340 1480 revera
369 1442 408 1480 in
438 1451 599 1492 parente
627 1443 765 1481 codice
786 1444 949 1481 deerant
970 1442 1176 1492 supplevit.
1238 1444 1352 1490 Quae
1381 1451 1447 1480 aut
1478 1443 1540 1481 ille

208 1515 275 1545 aut
296 1507 407 1545 tertia
428 1521 567 1545 manus
589 1508 677 1559 (Q3)
700 1508 863 1545 mutavit
890 1507 1139 1557 addiditque,
1159 1521 1204 1545 ea
1230 1508 1357 1545 aliena
1384 1522 1539 1558 prorsus

208 1573 371 1622 neglexi.
413 1574 464 1610 Et
480 1573 659 1611 codicem
678 1573 839 1622 quidem
862 1574 897 1622 Q
914 1572 1086 1622 peiorem
1104 1586 1222 1622 quam
1243 1574 1434 1611 Ptestem
1456 1587 1540 1611 esse

209 1637 302 1676 inde
332 1646 503 1688 apparet,
538 1640 645 1687 quod
678 1638 717 1676 in
749 1637 971 1687 exemplari,
1005 1639 1112 1676 unde
1151 1638 1187 1686 Q
1221 1638 1438 1688 descriptus
1470 1647 1541 1685 est,

209 1702 336 1741 aliena
354 1703 504 1753 aliquot
525 1704 667 1742 eodem
696 1705 817 1742 modo
843 1702 979 1741 addita
1008 1710 1132 1750 erant,
1152 1716 1231 1752 quo
1258 1702 1376 1741 etiam
1397 1703 1479 1752 ipse
1505 1705 1540 1752 Q

252 1800 264 1819 1
290 1801 453 1832 Ultimum
479 1801 600 1832 lemma
624 1806 675 1832 est
699 1802 740 1832 ad
765 1801 794 1831 V
818 1802 913 1839 ΙΧΧΧ,
931 1800 994 1831 nisi
1011 1801 1101 1840 quod
1124 1800 1240 1831 titulus
1259 1801 1357 1840 primi
1375 1800 1540 1840 epigram·

210 1853 307 1884 matis
325 1854 379 1883 lib.
397 1850 455 1883 VIi
475 1858 742 1892 (KCOMMENDATIO
768 1854 922 1894 LIBELLI)
941 1863 1015 1884 cum
1041 1853 1291 1892 subscriptione
1316 1853 1540 1884 Gennadiana

209 1906 375 1936 conflatus
391 1910 516 1936 exstat.

252 1957 264 1974 ²
289 1957 374 1987 Nam
400 1958 433 1987 in
460 1958 529 1988 fine
557 1958 683 1988 codicis
709 1958 839 1988 addidit
865 1955 909 1996 ρ’]
939 1957 1180 1996 epigrammata
1204 1957 1333 1995 aliquot
1357 1957 1420 1987 sub
1445 1957 1538 1987 titulo

210 2009 384 2048 marginali
402 2009 580 2040 ‘Carmina
598 2020 672 2040 mea
689 2008 791 2048 sunt,’
808 2010 841 2039 in
860 2008 983 2048 quibus
1001 2009 1130 2039 mentio
1146 2009 1182 2039 fit
1200 2009 1241 2039 de
1260 2008 1396 2047 oppidis
1411 2008 1539 2039 Werda

211 2062 328 2101 (hodie
345 2063 352 2077 ‘
368 2061 605 2092 Donauworth
618 2060 639 2103 ')
659 2066 692 2092 et
709 2061 860 2091 Aureato
878 2061 995 2099 <hodie
1013 2061 1258 2099 ‘Eiclistadt’)‚
1279 2065 1315 2090 ut

384 2113 615 2144 Burchardum
638 2114 666 2144 si
689 2113 775 2143 forte
801 2112 984 2151 Harscher⁷
1012 2112 1066 2151 pie
1091 2112 1206 2152 lector,
1233 2112 1361 2142 amasti.

489 2188 497 2195 .
524 2165 575 2195 vir
599 2165 709 2195 bonus
734 2163 969 2201 Aureatensis,

473 2216 644 2247 Ecclesiae
669 2222 783 2247 custos
807 2216 1060 2254 canonicusque
1084 2214 1194 2253 simul,

211 2264 244 2289 et

335 2302 386 2333 De
411 2303 495 2333 Eieh
520 2303 598 2342 quoi
625 2314 748 2334 nomen
774 2307 846 2333 erat
870 2302 1029 2341 claraque
1051 2312 1094 2332 ex
1119 2302 1225 2340 stirpe
1252 2301 1413 2332 Iohannis

419 2355 641 2386 Aureatensis
666 2360 700 2385 tu
727 2355 780 2386 hic
804 2354 970 2394 praesulis
996 2363 1074 2384 ossa
1099 2353 1206 2384 vides.
