1684 2715
646 128 966 167 PRAEFATIO

143 235 271 274 aliena
285 235 447 286 accepit.
480 237 517 274 N
520 249 583 274 arn
593 236 896 275 Arondellianus
906 237 1154 287 Spectacula¹
1172 236 1211 274 in
1227 236 1338 274 initio
1351 250 1471 275 manu

145 300 295 339 scribae
324 301 444 351 ipsius
467 301 553 351 (Q)
574 301 716 351 scripta
746 302 914 349 exhibet,
946 310 985 340 et
1014 301 1077 339 hic
1107 301 1185 340 illic
1215 301 1366 351 singula
1395 302 1472 351 epi·
1521 314 1530 318 ·

144 375 359 416 grammata
379 375 417 405 et
437 380 584 415 versus,
604 367 671 417 qui
691 367 730 405 in
754 368 967 417 archetypo
987 369 1047 406 BA
1067 369 1228 406 deerant
1248 376 1286 405 et
1309 371 1317 387 ‘
1332 369 1471 406 Italas'

145 431 332 470 lectiones
355 434 478 470 multo
498 434 628 483 plures
649 446 768 482 quarn
788 434 830 470 P
845 433 1027 471 ostendit.
1087 434 1166 471 Sed
1190 447 1268 471 una
1288 433 1327 470 in
1348 446 1388 471 re
1408 433 1471 471 hic

145 497 270 535 codex
296 498 528 544 laudandus,
552 499 660 547 quod
689 499 875 535 lemmata
904 497 1227 548 epigrammatum
1256 506 1293 536 et
1318 499 1472 536 Genna-

146 561 281 599 dianas
303 561 610 611 subscriptiones
632 576 757 612 usque
777 563 827 600 ad
848 563 966 600 finem
989 562 1116 612 operis
1137 562 1391 601 conservavit.

201 625 409 664 Lectiones
439 626 522 665 eius
552 628 591 664 in
620 627 726 664 libris
758 628 866 665 I—VI
896 627 1097 677 plurimas,
1117 629 1186 666 sed
1212 641 1293 665 non
1320 640 1469 674 omnes,

145 690 237 729 alibi
265 691 426 740 exposui
452 691 595 741 (class.
618 693 712 730 Rev.
733 692 809 739 xiv,
830 705 931 741 3533
961 706 1023 739 xv,
1043 692 1122 741 44),
1146 694 1251 730 unde
1271 692 1472 742 intelleges

147 769 264 804 quam
286 769 403 804 saepe
424 755 463 792 in
484 764 714 806 apparatum
740 756 917 794 criticum
938 765 976 794 et
997 756 1406 795 Schneidewinianum
1435 764 1473 795 et

148 820 561 859 Friedlaenderianurn
583 821 722 859 vitiosa
741 821 1013 860 additamenta
1041 821 1217 860 Bavariei
1238 820 1472 871 possessoris

147 885 235 935 (ρῖ)
256 886 427 924 admissa
454 886 541 924 sint.
599 886 736 924 Trium
768 900 971 934 manuum,
1004 888 1064 936 Q1,
1092 888 1157 936 Q'2,
1180 888 1241 936 0³,
1273 886 1473 937 specimen

147 950 324 1000 praebuit
345 951 552 990 Chatelain
574 950 677 1001 (Pal.
706 953 827 990 Class.
849 953 950 998 Lat„
974 952 1050 989 tab.
1079 952 1180 1001 151).

202 1017 352 1054 Eadem
375 1016 466 1053 vitia
486 1024 604 1065 atque
630 1017 666 1065 Q
685 1016 849 1065 habetfi
873 1018 998 1055 codex
1017 1018 1244 1054 chartaceus
1267 1015 1473 1054 Mediceus

148 1081 319 1129 (XXXV
342 1080 420 1131 39),
437 1080 476 1118 in
499 1080 611 1118 Italia
631 1081 811 1131 scriptus,
830 1081 1002 1120 iniuriaa
1017 1081 1316 1120 Schneidewino
1338 1081 1472 1131 (praef.

148 1146 297 1195 XCII),
321 1145 387 1195 qui
417 1144 499 1195 ipse
529 1145 709 1184 codicem
744 1159 823 1183 non
853 1146 1016 1192 viderat,
1039 1154 1226 1196 tanquam
1259 1145 1377 1184 ‘liber
1396 1147 1475 1183 vul-

147 1210 267 1259 garis'
306 1210 386 1249 sive
427 1212 548 1248 Italae
587 1210 824 1248 recensionis
864 1212 1083 1249 damnatus.
1156 1213 1213 1249 Ea
1247 1224 1340 1248 sane
1374 1223 1474 1259 quae

148 1275 398 1325 nescioquis²
436 1275 503 1326 (Ρ)
543 1275 706 1313 mutavit
751 1284 787 1314 et
832 1276 995 1323 addidit,
1037 1291 1082 1315 ex
1118 1278 1217 1314 Itala
1246 1275 1474 1314 recensione

148 1340 330 1387 derivata,
353 1341 496 1378 nullius
518 1340 708 1379 momenti
725 1349 824 1387 sunt,
841 1342 910 1379 sed
927 1341 1009 1391 ipse
1026 1350 1230 1379 contextus
1247 1348 1473 1378 contextum

147 1405 346 1455 archetypi
385 1407 446 1443 Bx
481 1405 664 1454 sequitur,
706 1405 779 1443 nisi
818 1407 925 1455 quod
964 1419 1104 1456 parens
1143 1407 1281 1451 codex,
1320 1406 1426 1443 unde
1448 1404 1484 1453 f

148 1470 365 1520 descriptus
396 1478 463 1516 est,
486 1469 635 1519 aliquot
665 1469 900 1508 lectionibus
931 1478 968 1508 et
994 1469 1284 1517 additamentis,
1308 1484 1353 1507 ex
1376 1471 1475 1507 Itala

148 1534 376 1573 recensione
393 1534 569 1584 sumptis,
589 1534 743 1572 vitiatus
758 1543 848 1581 erat,
865 1542 902 1573 et
919 1534 963 1572 iis
978 1535 1136 1584 quidem
1161 1536 1278 1584 paulo
1299 1533 1474 1584 pluribus

149 1613 266 1649 quam
289 1613 428 1650 parens
451 1601 575 1638 codex
597 1600 878 1647 Arondelliani,
902 1600 1128 1650 praesertim
1159 1600 1197 1637 in
1228 1599 1338 1637 initio
1368 1607 1405 1637 et
1434 1599 1473 1636 in

150 1665 226 1702 fine
239 1665 262 1701 ³.
321 1665 554 1713 Spectacula
574 1672 706 1702 tamen
728 1665 902 1711 deerant,
923 1678 1024 1714 quae
1045 1678 1163 1702 manu
1184 1663 1259 1701 alia
1283 1663 1360 1715 (Ρ),
1383 1677 1472 1702 curn

149 1728 494 1778 epigrammatibus
516 1728 571 1775 iis,
595 1742 695 1778 quae
723 1729 849 1767 scriba
875 1729 1199 1779 praetermiserat,
1218 1737 1308 1767 sunt
1327 1728 1472 1767 addita.

151 1795 270 1832 Porro
300 1793 426 1831 scriba
456 1795 664 1843 neglegens
694 1793 951 1844 praetermisit
972 1794 1010 1831 in
1032 1794 1130 1832 libro
1153 1796 1170 1831 Ι
1194 1793 1475 1843 epigrammata

152 1860 169 1896 I
200 1857 395 1905 xlviii—lix,
422 1858 637 1896 rubricator
666 1858 705 1896 in
736 1859 834 1897 libro
866 1861 883 1896 I
916 1860 1023 1909 (cum
1056 1861 1113 1896 IV
1143 1858 1337 1909 xxv-lxix)
1368 1866 1405 1896 et
1435 1857 1474 1895 in

149 1923 255 1961 libris
276 1924 487 1960 VII—XIV
509 1936 638 1973 neque
668 1925 853 1961 lemmata
879 1923 1204 1973 epigrammatum
1232 1936 1361 1972 neque
1388 1923 1476 1961 sub-

193 2015 201 2032 ¹
228 2015 442 2054 Spectaculis
468 2015 664 2054 praeposuit
689 2016 781 2048 haec.
802 2026 887 2054 quae
911 2016 990 2046 nolo
1013 2016 1101 2045 inter
1122 2025 1219 2046 veras
1236 2015 1475 2045 Gennadianas

150 2067 416 2106 subscriptiones
434 2067 608 2097 includere
624 2078 630 2097 ε
656 2077 934 2097 ΕΡιοΗΑΜΜΑτοΝ
953 2077 988 2098 Μ.
1005 2077 1148 2097 VALERu
1175 2077 1259 2097 1vL11
1285 2076 1476 2097 MARTmLis

152 2130 218 2151 LIB.
247 2129 258 2149 1
284 2129 414 2149 INCIPIT
442 2113 509 2149 Eoo
536 2129 740 2156 TORQVArvs
771 2129 967 2150 GENNADws
998 2128 1178 2149 EMENDAvx
1211 2128 1389 2149 ferlcrrER
1418 2128 1475 2155 er

152 2184 336 2205 REFLORVI.
364 2184 449 2204 LEGE
475 2184 665 2205 rssrrcrrsR.

194 2226 206 2243 ²*
231 2226 268 2255 In
298 2226 365 2256 fine
390 2232 469 2256 sunt
498 2227 604 2256 haec:
630 2226 750 2256 ‘Liber
778 2225 812 2256 S.
841 2225 1013 2256 Anastasii
1040 2224 1242 2264 Vespucii3'
1275 2230 1343 2255 tum
1371 2224 1476 2254 altera

151 2288 249 2308 manu
271 2279 325 2308 ‘et
342 2278 479 2316 Georgii
496 2277 636 2307 Antonii
654 2278 727 2308 eius
744 2271 878 2308 fratris.'

193 2329 204 2346 ³
229 2328 267 2359 In
294 2329 369 2359 libri
397 2328 477 2358 XIV
505 2329 802 2369 epigrammatibus
831 2329 1051 2360 cxix-ccxxiii
1082 2332 1202 2359 testem
1222 2328 1253 2368 f
1273 2328 1376 2359 citare
1405 2327 1476 2367 ple-

152 2391 291 2420 rumque
315 2381 419 2412 nolui.
