<?xml version="1.0" encoding="UTF-8"?>
<!DOCTYPE html PUBLIC "-//W3C//DTD XHTML 1.0 Transitional//EN"
    "http://www.w3.org/TR/xhtml1/DTD/xhtml1-transitional.dtd">
<html xmlns="http://www.w3.org/1999/xhtml" xml:lang="en" lang="en">
 <head>
  <title>
</title>
<meta http-equiv="Content-Type" content="text/html;charset=utf-8" />
  <meta name='ocr-system' content='tesseract 3.04.00' />
  <meta name='ocr-capabilities' content='ocr_page ocr_carea ocr_par ocr_line ocrx_word'/>
</head>
<body>
  <div class='ocr_page' id='page_1' title='image "./epigrammatarecog00martuoft/epigrammatarecog00martuoft_0164.png"; bbox 0 0 1684 2763; ppageno 0'>
   <div class='ocr_carea' id='block_1_1' title="bbox 220 147 776 186">
    <p class='ocr_par' dir='ltr' id='par_1_1' title="bbox 220 147 776 186">
     <span class='ocr_line' id='line_1_1' title="bbox 220 147 776 186; baseline 0.004 -3"><span class='ocrx_word' id='word_1_1' title='bbox 220 147 275 183; x_wconf 86' lang='lat' dir='ltr'>M.</span> <span class='ocrx_word' id='word_1_2' title='bbox 308 147 429 184; x_wconf 89' lang='lat' dir='ltr'><strong>VAL.</strong></span> <span class='ocrx_word' id='word_1_3' title='bbox 463 147 776 186; x_wconf 90' lang='lat' dir='ltr'><strong>MARTIALIS</strong></span> 
     </span>
    </p>
   </div>
   <div class='ocr_carea' id='block_1_2' title="bbox 217 258 1545 373">
    <p class='ocr_par' dir='ltr' id='par_1_2' title="bbox 217 258 1545 373">
     <span class='ocr_line' id='line_1_2' title="bbox 217 258 1545 309; baseline 0.005 -15"><span class='ocrx_word' id='word_1_4' title='bbox 217 263 255 294; x_wconf 89' lang='lat' dir='ltr'>et</span> <span class='ocrx_word' id='word_1_5' title='bbox 285 258 386 295; x_wconf 87' lang='lat' dir='ltr'>male</span> <span class='ocrx_word' id='word_1_6' title='bbox 416 266 595 307; x_wconf 87' lang='lat' dir='ltr'>receptus</span> <span class='ocrx_word' id='word_1_7' title='bbox 623 259 746 297; x_wconf 89' lang='lat' dir='ltr'>altero</span> <span class='ocrx_word' id='word_1_8' title='bbox 774 272 877 309; x_wconf 86' lang='lat' dir='ltr'>genu</span> <span class='ocrx_word' id='word_1_9' title='bbox 908 258 1023 298; x_wconf 80' lang='lat' dir='ltr'>iactat</span> <span class='ocrx_word' id='word_1_10' title='bbox 1505 277 1545 300; x_wconf 92' lang='lat'>10</span> 
     </span>
     <span class='ocr_line' id='line_1_3' title="bbox 217 321 936 373; baseline 0.004 -14"><span class='ocrx_word' id='word_1_11' title='bbox 217 321 339 371; x_wconf 85' lang='lat' dir='ltr'>equiti</span> <span class='ocrx_word' id='word_1_12' title='bbox 368 323 504 361; x_wconf 90' lang='lat' dir='ltr'>sedere</span> <span class='ocrx_word' id='word_1_13' title='bbox 535 325 727 373; x_wconf 76' lang='lat' dir='ltr'>Leitoque</span> <span class='ocrx_word' id='word_1_14' title='bbox 756 338 797 362; x_wconf 90' lang='lat' dir='ltr'>se</span> <span class='ocrx_word' id='word_1_15' title='bbox 827 332 936 362; x_wconf 86' lang='lat' dir='ltr'>stare.</span> 
     </span>
    </p>
   </div>
   <div class='ocr_carea' id='block_1_3' title="bbox 216 446 1542 897">
    <p class='ocr_par' dir='ltr' id='par_1_3' title="bbox 216 446 1542 897">
     <span class='ocr_line' id='line_1_4' title="bbox 735 446 811 481; baseline 0 0"><span class='ocrx_word' id='word_1_16' title='bbox 735 446 811 481; x_wconf 87' lang='lat' dir='ltr'>XV</span> 
     </span>
     <span class='ocr_line' id='line_1_5' title="bbox 218 523 1295 576; baseline 0.005 -16"><span class='ocrx_word' id='word_1_17' title='bbox 218 523 390 572; x_wconf 81' lang='lat' dir='ltr'>Quintus</span> <span class='ocrx_word' id='word_1_18' title='bbox 421 532 642 562; x_wconf 88' lang='lat' dir='ltr'>nostrorum</span> <span class='ocrx_word' id='word_1_19' title='bbox 672 525 770 563; x_wconf 93' lang='lat' dir='ltr'>liber</span> <span class='ocrx_word' id='word_1_20' title='bbox 798 533 867 572; x_wconf 87' lang='lat' dir='ltr'>est,</span> <span class='ocrx_word' id='word_1_21' title='bbox 899 528 1087 576; x_wconf 83' lang='lat' dir='ltr'>Auguste,</span> <span class='ocrx_word' id='word_1_22' title='bbox 1120 526 1295 565; x_wconf 90' lang='lat' dir='ltr'>iocorum</span> 
     </span>
     <span class='ocr_line' id='line_1_6' title="bbox 271 588 1146 638; baseline 0.003 -12"><span class='ocrx_word' id='word_1_23' title='bbox 271 595 308 626; x_wconf 89' lang='lat' dir='ltr'>et</span> <span class='ocrx_word' id='word_1_24' title='bbox 338 588 511 638; x_wconf 87' lang='lat' dir='ltr'>queritur</span> <span class='ocrx_word' id='word_1_25' title='bbox 540 591 666 627; x_wconf 85' lang='lat' dir='ltr'>laesus</span> <span class='ocrx_word' id='word_1_26' title='bbox 697 590 869 628; x_wconf 76' lang='lat' dir='ltr'>carmine</span> <span class='ocrx_word' id='word_1_27' title='bbox 898 604 1016 628; x_wconf 90' lang='lat' dir='ltr'>nemo</span> <span class='ocrx_word' id='word_1_28' title='bbox 1047 605 1146 637; x_wconf 85' lang='lat' dir='ltr'>meo,</span> 
     </span>
     <span class='ocr_line' id='line_1_7' title="bbox 216 654 1210 701; baseline 0.002 -11"><span class='ocrx_word' id='word_1_29' title='bbox 216 654 360 701; x_wconf 84' lang='lat' dir='ltr'>gaudet</span> <span class='ocrx_word' id='word_1_30' title='bbox 390 654 582 691; x_wconf 87' lang='lat' dir='ltr'>honorato</span> <span class='ocrx_word' id='word_1_31' title='bbox 612 655 681 692; x_wconf 89' lang='lat' dir='ltr'>sed</span> <span class='ocrx_word' id='word_1_32' title='bbox 711 656 857 692; x_wconf 89' lang='lat' dir='ltr'>multus</span> <span class='ocrx_word' id='word_1_33' title='bbox 886 654 1047 693; x_wconf 90' lang='lat' dir='ltr'>nomine</span> <span class='ocrx_word' id='word_1_34' title='bbox 1076 657 1210 701; x_wconf 80' lang='lat' dir='ltr'>lector,</span> 
     </span>
     <span class='ocr_line' id='line_1_8' title="bbox 270 717 1110 757; baseline 0.004 -3"><span class='ocrx_word' id='word_1_35' title='bbox 270 717 331 755; x_wconf 88' lang='lat' dir='ltr'>cui</span> <span class='ocrx_word' id='word_1_36' title='bbox 363 717 511 755; x_wconf 83' lang='lat' dir='ltr'>victura</span> <span class='ocrx_word' id='word_1_37' title='bbox 542 732 631 756; x_wconf 83' lang='lat' dir='ltr'>meo</span> <span class='ocrx_word' id='word_1_38' title='bbox 662 732 823 757; x_wconf 90' lang='lat' dir='ltr'>munere</span> <span class='ocrx_word' id='word_1_39' title='bbox 853 720 956 757; x_wconf 86' lang='lat' dir='ltr'>fama</span> <span class='ocrx_word' id='word_1_40' title='bbox 985 720 1110 757; x_wconf 87' lang='lat' dir='ltr'>datur.</span> 
     </span>
     <span class='ocr_line' id='line_1_9' title="bbox 219 781 1542 834; baseline 0.005 -16"><span class='ocrx_word' id='word_1_41' title='bbox 219 781 350 829; x_wconf 85' lang='lat' dir='ltr'>‘Quid</span> <span class='ocrx_word' id='word_1_42' title='bbox 380 789 511 820; x_wconf 89' lang='lat' dir='ltr'>tamen</span> <span class='ocrx_word' id='word_1_43' title='bbox 540 784 636 820; x_wconf 86' lang='lat' dir='ltr'>haec</span> <span class='ocrx_word' id='word_1_44' title='bbox 664 792 827 832; x_wconf 81' lang='lat' dir='ltr'>prosunt</span> <span class='ocrx_word' id='word_1_45' title='bbox 854 783 1032 833; x_wconf 87' lang='lat' dir='ltr'>quamvis</span> <span class='ocrx_word' id='word_1_46' title='bbox 1058 784 1282 823; x_wconf 79' lang='lat' dir='ltr'>venerantia</span> <span class='ocrx_word' id='word_1_47' title='bbox 1308 787 1503 824; x_wconf 83' lang='lat' dir='ltr'>1nultos?&#39;</span> <span class='ocrx_word' id='word_1_48' title='bbox 1526 803 1542 834; x_wconf 73' lang='lat'><strong><em>5</em></strong></span> 
     </span>
     <span class='ocr_line' id='line_1_10' title="bbox 272 848 1208 897; baseline 0.004 -13"><span class='ocrx_word' id='word_1_49' title='bbox 272 848 363 885; x_wconf 92' lang='lat' dir='ltr'>Non</span> <span class='ocrx_word' id='word_1_50' title='bbox 394 848 543 897; x_wconf 82' lang='lat' dir='ltr'>prosint</span> <span class='ocrx_word' id='word_1_51' title='bbox 573 861 676 895; x_wconf 85' lang='lat' dir='ltr'>sane,</span> <span class='ocrx_word' id='word_1_52' title='bbox 710 862 772 887; x_wconf 93' lang='lat' dir='ltr'>me</span> <span class='ocrx_word' id='word_1_53' title='bbox 802 857 933 887; x_wconf 89' lang='lat' dir='ltr'>tamen</span> <span class='ocrx_word' id='word_1_54' title='bbox 963 849 1035 888; x_wconf 89' lang='lat' dir='ltr'>ista</span> <span class='ocrx_word' id='word_1_55' title='bbox 1065 849 1208 888; x_wconf 82' lang='lat' dir='ltr'>iuvant.</span> 
     </span>
    </p>
   </div>
   <div class='ocr_carea' id='block_1_4' title="bbox 214 966 1545 1938">
    <p class='ocr_par' dir='ltr' id='par_1_4' title="bbox 214 966 1545 1938">
     <span class='ocr_line' id='line_1_11' title="bbox 726 966 823 1002; baseline 0 0"><span class='ocrx_word' id='word_1_56' title='bbox 726 966 823 1002; x_wconf 75' lang='lat' dir='ltr'>XVI</span> 
     </span>
     <span class='ocr_line' id='line_1_12' title="bbox 217 1042 1172 1095; baseline 0.004 -15"><span class='ocrx_word' id='word_1_57' title='bbox 217 1042 323 1081; x_wconf 77' lang='lat' dir='ltr'>Seria</span> <span class='ocrx_word' id='word_1_58' title='bbox 352 1057 441 1082; x_wconf 90' lang='lat' dir='ltr'>cum</span> <span class='ocrx_word' id='word_1_59' title='bbox 473 1045 631 1094; x_wconf 86' lang='lat' dir='ltr'>possim,</span> <span class='ocrx_word' id='word_1_60' title='bbox 664 1047 772 1095; x_wconf 82' lang='lat' dir='ltr'>quod</span> <span class='ocrx_word' id='word_1_61' title='bbox 801 1045 1037 1084; x_wconf 79' lang='lat' dir='ltr'>delectantia</span> <span class='ocrx_word' id='word_1_62' title='bbox 1068 1048 1172 1085; x_wconf 88' lang='lat' dir='ltr'>malo</span> 
     </span>
     <span class='ocr_line' id='line_1_13' title="bbox 270 1107 1207 1158; baseline 0.004 -13"><span class='ocrx_word' id='word_1_63' title='bbox 270 1107 448 1156; x_wconf 86' lang='lat' dir='ltr'>scribere,</span> <span class='ocrx_word' id='word_1_64' title='bbox 482 1117 521 1148; x_wconf 90' lang='lat' dir='ltr'>tu</span> <span class='ocrx_word' id='word_1_65' title='bbox 553 1124 669 1148; x_wconf 85' lang='lat' dir='ltr'>causa</span> <span class='ocrx_word' id='word_1_66' title='bbox 698 1124 749 1156; x_wconf 84' lang='lat' dir='ltr'>es,</span> <span class='ocrx_word' id='word_1_67' title='bbox 782 1112 903 1148; x_wconf 88' lang='lat' dir='ltr'>lector</span> <span class='ocrx_word' id='word_1_68' title='bbox 931 1111 1067 1158; x_wconf 80' lang='lat' dir='ltr'>amice,</span> <span class='ocrx_word' id='word_1_69' title='bbox 1100 1111 1207 1156; x_wconf 81' lang='lat' dir='ltr'>mihi,</span> 
     </span>
     <span class='ocr_line' id='line_1_14' title="bbox 217 1173 1253 1223; baseline 0.003 -12"><span class='ocrx_word' id='word_1_70' title='bbox 217 1173 283 1222; x_wconf 79' lang='lat' dir='ltr'>qui</span> <span class='ocrx_word' id='word_1_71' title='bbox 314 1173 407 1223; x_wconf 82' lang='lat' dir='ltr'>legis</span> <span class='ocrx_word' id='word_1_72' title='bbox 437 1182 475 1212; x_wconf 90' lang='lat' dir='ltr'>et</span> <span class='ocrx_word' id='word_1_73' title='bbox 505 1183 586 1213; x_wconf 87' lang='lat' dir='ltr'>tota</span> <span class='ocrx_word' id='word_1_74' title='bbox 615 1183 749 1213; x_wconf 87' lang='lat' dir='ltr'>cantas</span> <span class='ocrx_word' id='word_1_75' title='bbox 780 1189 867 1214; x_wconf 88' lang='lat' dir='ltr'>mea</span> <span class='ocrx_word' id='word_1_76' title='bbox 897 1176 1069 1214; x_wconf 87' lang='lat' dir='ltr'>carmina</span> <span class='ocrx_word' id='word_1_77' title='bbox 1100 1178 1253 1215; x_wconf 88' lang='lat' dir='ltr'>Roma:</span> 
     </span>
     <span class='ocr_line' id='line_1_15' title="bbox 270 1239 1158 1289; baseline 0.003 -13"><span class='ocrx_word' id='word_1_78' title='bbox 270 1239 339 1277; x_wconf 87' lang='lat' dir='ltr'>sed</span> <span class='ocrx_word' id='word_1_79' title='bbox 370 1239 497 1277; x_wconf 85' lang='lat' dir='ltr'>nescis</span> <span class='ocrx_word' id='word_1_80' title='bbox 527 1240 663 1289; x_wconf 84' lang='lat' dir='ltr'>quanti</span> <span class='ocrx_word' id='word_1_81' title='bbox 693 1248 767 1279; x_wconf 87' lang='lat' dir='ltr'>stet</span> <span class='ocrx_word' id='word_1_82' title='bbox 798 1241 893 1278; x_wconf 87' lang='lat' dir='ltr'>mihi</span> <span class='ocrx_word' id='word_1_83' title='bbox 923 1241 1009 1279; x_wconf 88' lang='lat' dir='ltr'>talis</span> <span class='ocrx_word' id='word_1_84' title='bbox 1038 1255 1158 1279; x_wconf 86' lang='lat' dir='ltr'>amor.</span> 
     </span>
     <span class='ocr_line' id='line_1_16' title="bbox 218 1303 1541 1355; baseline 0.004 -15"><span class='ocrx_word' id='word_1_85' title='bbox 218 1316 306 1341; x_wconf 86' lang='lat' dir='ltr'>nam</span> <span class='ocrx_word' id='word_1_86' title='bbox 338 1303 367 1341; x_wconf 86' lang='lat' dir='ltr'>si</span> <span class='ocrx_word' id='word_1_87' title='bbox 398 1304 557 1343; x_wconf 79' lang='lat' dir='ltr'>falciferi</span> <span class='ocrx_word' id='word_1_88' title='bbox 588 1307 800 1344; x_wconf 88' lang='lat' dir='ltr'>defendere</span> <span class='ocrx_word' id='word_1_89' title='bbox 830 1307 976 1355; x_wconf 87' lang='lat' dir='ltr'>templa</span> <span class='ocrx_word' id='word_1_90' title='bbox 1005 1307 1198 1344; x_wconf 86' lang='lat' dir='ltr'>Tonantis</span> <span class='ocrx_word' id='word_1_91' title='bbox 1524 1323 1541 1354; x_wconf 86' lang='lat'>5</span> 
     </span>
     <span class='ocr_line' id='line_1_17' title="bbox 269 1368 1126 1418; baseline 0.005 -13"><span class='ocrx_word' id='word_1_92' title='bbox 269 1368 523 1418; x_wconf 77' lang='lat' dir='ltr'>sollicitisque</span> <span class='ocrx_word' id='word_1_93' title='bbox 552 1370 667 1408; x_wconf 77' lang='lat' dir='ltr'>velim</span> <span class='ocrx_word' id='word_1_94' title='bbox 698 1372 867 1408; x_wconf 84' lang='lat' dir='ltr'>vendere</span> <span class='ocrx_word' id='word_1_95' title='bbox 896 1371 1014 1409; x_wconf 86' lang='lat' dir='ltr'>verba</span> <span class='ocrx_word' id='word_1_96' title='bbox 1042 1371 1126 1417; x_wconf 89' lang='lat' dir='ltr'>reis,</span> 
     </span>
     <span class='ocr_line' id='line_1_18' title="bbox 217 1433 1281 1484; baseline 0.004 -15"><span class='ocrx_word' id='word_1_97' title='bbox 217 1433 405 1482; x_wconf 84' lang='lat' dir='ltr'>plurimus</span> <span class='ocrx_word' id='word_1_98' title='bbox 438 1434 637 1484; x_wconf 84' lang='lat' dir='ltr'>Hispanas</span> <span class='ocrx_word' id='word_1_99' title='bbox 668 1435 794 1473; x_wconf 86' lang='lat' dir='ltr'>mittet</span> <span class='ocrx_word' id='word_1_100' title='bbox 825 1435 920 1472; x_wconf 88' lang='lat' dir='ltr'>mihi</span> <span class='ocrx_word' id='word_1_101' title='bbox 950 1443 1068 1473; x_wconf 88' lang='lat' dir='ltr'>nauta</span> <span class='ocrx_word' id='word_1_102' title='bbox 1099 1443 1281 1474; x_wconf 83' lang='lat' dir='ltr'>metretas</span> 
     </span>
     <span class='ocr_line' id='line_1_19' title="bbox 269 1499 1011 1538; baseline 0.004 -3"><span class='ocrx_word' id='word_1_103' title='bbox 269 1506 307 1535; x_wconf 89' lang='lat' dir='ltr'>et</span> <span class='ocrx_word' id='word_1_104' title='bbox 338 1499 401 1536; x_wconf 80' lang='lat' dir='ltr'>siet</span> <span class='ocrx_word' id='word_1_105' title='bbox 431 1499 536 1536; x_wconf 76' lang='lat' dir='ltr'>vario</span> <span class='ocrx_word' id='word_1_106' title='bbox 566 1499 747 1537; x_wconf 87' lang='lat' dir='ltr'>sordidus</span> <span class='ocrx_word' id='word_1_107' title='bbox 776 1514 864 1538; x_wconf 86' lang='lat' dir='ltr'>aere</span> <span class='ocrx_word' id='word_1_108' title='bbox 893 1499 1011 1538; x_wconf 86' lang='lat' dir='ltr'>sinus.</span> 
     </span>
     <span class='ocr_line' id='line_1_20' title="bbox 214 1563 1191 1615; baseline 0.004 -16"><span class='ocrx_word' id='word_1_109' title='bbox 214 1569 253 1599; x_wconf 86' lang='lat' dir='ltr'>at</span> <span class='ocrx_word' id='word_1_110' title='bbox 283 1576 388 1600; x_wconf 90' lang='lat' dir='ltr'>nunc</span> <span class='ocrx_word' id='word_1_111' title='bbox 418 1563 582 1602; x_wconf 75' lang='lat' dir='ltr'>conviva</span> <span class='ocrx_word' id='word_1_112' title='bbox 612 1572 669 1602; x_wconf 75' lang='lat' dir='ltr'>est</span> <span class='ocrx_word' id='word_1_113' title='bbox 699 1565 1008 1615; x_wconf 80' lang='lat' dir='ltr'>comissatorque</span> <span class='ocrx_word' id='word_1_114' title='bbox 1038 1565 1191 1603; x_wconf 90' lang='lat' dir='ltr'>libellus</span> 
     </span>
     <span class='ocr_line' id='line_1_21' title="bbox 268 1628 1545 1679; baseline 0.004 -15"><span class='ocrx_word' id='word_1_115' title='bbox 268 1634 305 1664; x_wconf 88' lang='lat' dir='ltr'>et</span> <span class='ocrx_word' id='word_1_116' title='bbox 336 1635 486 1665; x_wconf 85' lang='lat' dir='ltr'>tantum</span> <span class='ocrx_word' id='word_1_117' title='bbox 517 1628 633 1678; x_wconf 81' lang='lat' dir='ltr'>gratis</span> <span class='ocrx_word' id='word_1_118' title='bbox 663 1629 803 1679; x_wconf 76' lang='lat' dir='ltr'>pagina</span> <span class='ocrx_word' id='word_1_119' title='bbox 834 1638 965 1668; x_wconf 87' lang='lat' dir='ltr'>nostra</span> <span class='ocrx_word' id='word_1_120' title='bbox 994 1631 1132 1679; x_wconf 87' lang='lat' dir='ltr'>placet.</span> <span class='ocrx_word' id='word_1_121' title='bbox 1504 1644 1545 1675; x_wconf 75' lang='grc' dir='ltr'>ιοΙ</span> 
     </span>
     <span class='ocr_line' id='line_1_22' title="bbox 215 1692 1189 1740; baseline 0.004 -12"><span class='ocrx_word' id='word_1_122' title='bbox 215 1692 284 1729; x_wconf 88' lang='lat' dir='ltr'>sed</span> <span class='ocrx_word' id='word_1_123' title='bbox 315 1705 393 1729; x_wconf 93' lang='lat' dir='ltr'>non</span> <span class='ocrx_word' id='word_1_124' title='bbox 425 1700 462 1730; x_wconf 84' lang='lat' dir='ltr'>et</span> <span class='ocrx_word' id='word_1_125' title='bbox 492 1701 640 1731; x_wconf 81' lang='lat' dir='ltr'>veteres</span> <span class='ocrx_word' id='word_1_126' title='bbox 670 1695 845 1732; x_wconf 87' lang='lat' dir='ltr'>contenti</span> <span class='ocrx_word' id='word_1_127' title='bbox 876 1696 992 1733; x_wconf 90' lang='lat' dir='ltr'>laude</span> <span class='ocrx_word' id='word_1_128' title='bbox 1022 1696 1189 1740; x_wconf 85' lang='lat' dir='ltr'>fuerunt,</span> 
     </span>
     <span class='ocr_line' id='line_1_23' title="bbox 269 1756 1160 1797; baseline 0.002 -3"><span class='ocrx_word' id='word_1_129' title='bbox 269 1769 358 1794; x_wconf 84' lang='lat' dir='ltr'>cum</span> <span class='ocrx_word' id='word_1_130' title='bbox 392 1756 597 1795; x_wconf 88' lang='lat' dir='ltr'>minimum</span> <span class='ocrx_word' id='word_1_131' title='bbox 628 1758 704 1795; x_wconf 82' lang='lat' dir='ltr'>vati</span> <span class='ocrx_word' id='word_1_132' title='bbox 736 1772 878 1797; x_wconf 85' lang='lat' dir='ltr'>munus</span> <span class='ocrx_word' id='word_1_133' title='bbox 909 1759 1040 1797; x_wconf 77' lang='lat' dir='ltr'>Alexis</span> <span class='ocrx_word' id='word_1_134' title='bbox 1070 1766 1160 1797; x_wconf 86' lang='lat' dir='ltr'>erat.</span> 
     </span>
     <span class='ocr_line' id='line_1_24' title="bbox 217 1820 1347 1873; baseline 0.003 -16"><span class='ocrx_word' id='word_1_135' title='bbox 217 1821 370 1858; x_wconf 83' lang='lat' dir='ltr'>‘Belle&#39;</span> <span class='ocrx_word' id='word_1_136' title='bbox 400 1820 529 1870; x_wconf 80' lang='lat' dir='ltr'>inquis</span> <span class='ocrx_word' id='word_1_137' title='bbox 558 1822 701 1860; x_wconf 79' lang='lat' dir='ltr'>‘dixti:</span> <span class='ocrx_word' id='word_1_138' title='bbox 732 1823 823 1861; x_wconf 86' lang='lat' dir='ltr'>satis</span> <span class='ocrx_word' id='word_1_139' title='bbox 853 1832 891 1862; x_wconf 91' lang='lat' dir='ltr'>et</span> <span class='ocrx_word' id='word_1_140' title='bbox 921 1823 1169 1861; x_wconf 84' lang='lat' dir='ltr'>laudabimus</span> <span class='ocrx_word' id='word_1_141' title='bbox 1199 1825 1347 1873; x_wconf 85' lang='lat' dir='ltr'>usque.’</span> 
     </span>
     <span class='ocr_line' id='line_1_25' title="bbox 270 1884 1216 1938; baseline 0.004 -16"><span class='ocrx_word' id='word_1_142' title='bbox 270 1884 536 1923; x_wconf 87' lang='lat' dir='ltr'>Dissimulas?</span> <span class='ocrx_word' id='word_1_143' title='bbox 571 1886 688 1925; x_wconf 85' lang='lat' dir='ltr'>facies</span> <span class='ocrx_word' id='word_1_144' title='bbox 718 1901 791 1934; x_wconf 85' lang='lat' dir='ltr'>me,</span> <span class='ocrx_word' id='word_1_145' title='bbox 823 1896 930 1938; x_wconf 88' lang='lat' dir='ltr'>puto,</span> <span class='ocrx_word' id='word_1_146' title='bbox 962 1888 1216 1926; x_wconf 87' lang='lat' dir='ltr'>causidicum.</span> 
     </span>
    </p>
   </div>
   <div class='ocr_carea' id='block_1_5' title="bbox 214 1988 1540 2161">
    <p class='ocr_par' dir='ltr' id='par_1_5' title="bbox 259 1988 1335 2031">
     <span class='ocr_line' id='line_1_26' title="bbox 259 1988 1335 2031; baseline 0.004 -14"><span class='ocrx_word' id='word_1_147' title='bbox 259 1988 342 2018; x_wconf 88' lang='lat' dir='ltr'>XIV</span> <span class='ocrx_word' id='word_1_148' title='bbox 370 1997 404 2017; x_wconf 87' lang='lat'>11</span> <span class='ocrx_word' id='word_1_149' title='bbox 432 1989 550 2019; x_wconf 82' lang='lat' dir='ltr'>sedere</span> <span class='ocrx_word' id='word_1_150' title='bbox 568 1989 703 2020; x_wconf 77' lang='lat' dir='ltr'>Scm&#39;ver.</span> <span class='ocrx_word' id='word_1_151' title='bbox 719 2002 724 2021; x_wconf 87' lang='lat'><strong>:</strong></span> <span class='ocrx_word' id='word_1_152' title='bbox 750 2001 787 2021; x_wconf 86' lang='lat' dir='ltr'>se</span> <span class='ocrx_word' id='word_1_153' title='bbox 804 1992 929 2022; x_wconf 86' lang='lat' dir='ltr'>dedere</span> <span class='ocrx_word' id='word_1_154' title='bbox 946 1991 1037 2023; x_wconf 85' lang='lat' dir='ltr'>codd.</span> <span class='ocrx_word' id='word_1_155' title='bbox 1125 1991 1265 2031; x_wconf 88' lang='lat' dir='ltr'>letoque</span> <span class='ocrx_word' id='word_1_156' title='bbox 1282 1991 1335 2021; x_wconf 70' lang='grc' dir='ltr'>ΒΑ</span> 
     </span>
    </p>

    <p class='ocr_par' dir='ltr' id='par_1_6' title="bbox 214 2031 1540 2161">
     <span class='ocr_line' id='line_1_27' title="bbox 260 2031 1540 2073; baseline 0.003 -13"><span class='ocrx_word' id='word_1_157' title='bbox 260 2032 322 2061; x_wconf 86' lang='lat' dir='ltr'>XV</span> <span class='ocrx_word' id='word_1_158' title='bbox 339 2031 412 2061; x_wconf 79' lang='lat' dir='ltr'>hab.</span> <span class='ocrx_word' id='word_1_159' title='bbox 438 2031 467 2061; x_wconf 90' lang='lat' dir='ltr'><em>T</em></span> <span class='ocrx_word' id='word_1_160' title='bbox 554 2043 565 2063; x_wconf 92' lang='lat'>1</span> <span class='ocrx_word' id='word_1_161' title='bbox 589 2033 736 2064; x_wconf 87' lang='lat' dir='ltr'>locorum</span> <span class='ocrx_word' id='word_1_162' title='bbox 755 2034 861 2065; x_wconf 72' lang='lat' dir='ltr'>BACA</span> <span class='ocrx_word' id='word_1_163' title='bbox 879 2039 923 2066; x_wconf 81' lang='lat' dir='ltr'>ul.</span> <span class='ocrx_word' id='word_1_164' title='bbox 942 2035 1007 2066; x_wconf 76' lang='lat' dir='ltr'>vid.</span> <span class='ocrx_word' id='word_1_165' title='bbox 1095 2045 1115 2073; x_wconf 87' lang='lat'><strong>3</strong></span> <span class='ocrx_word' id='word_1_166' title='bbox 1141 2036 1307 2066; x_wconf 85' lang='lat' dir='ltr'>honorato</span> <span class='ocrx_word' id='word_1_167' title='bbox 1324 2059 1330 2065; x_wconf 92' lang='lat'><strong><em>.</em></strong></span> <span class='ocrx_word' id='word_1_168' title='bbox 1351 2059 1358 2065; x_wconf 91' lang='lat'>.</span> <span class='ocrx_word' id='word_1_169' title='bbox 1377 2059 1384 2066; x_wconf 85' lang='lat'><strong>.</strong></span> <span class='ocrx_word' id='word_1_170' title='bbox 1404 2034 1540 2065; x_wconf 87' lang='lat' dir='ltr'>nomine</span> 
     </span>
     <span class='ocr_line' id='line_1_28' title="bbox 214 2074 1536 2118; baseline 0.004 -14"><span class='ocrx_word' id='word_1_171' title='bbox 214 2074 293 2106; x_wconf 73' lang='grc' dir='ltr'>ΑΑε</span> <span class='ocrx_word' id='word_1_172' title='bbox 327 2075 513 2105; x_wconf 80' lang='lat' dir='ltr'>honoratus</span> <span class='ocrx_word' id='word_1_173' title='bbox 531 2099 537 2106; x_wconf 95' lang='lat'>.</span> <span class='ocrx_word' id='word_1_174' title='bbox 560 2100 566 2107; x_wconf 88' lang='lat'>.</span> <span class='ocrx_word' id='word_1_175' title='bbox 587 2100 594 2106; x_wconf 85' lang='lat'><strong>.</strong></span> <span class='ocrx_word' id='word_1_176' title='bbox 612 2077 749 2107; x_wconf 86' lang='lat' dir='ltr'>nomine</span> <span class='ocrx_word' id='word_1_177' title='bbox 775 2078 848 2109; x_wconf 56' lang='lat' dir='ltr'>BA:</span> <span class='ocrx_word' id='word_1_178' title='bbox 875 2079 1042 2109; x_wconf 88' lang='lat' dir='ltr'>honorato</span> <span class='ocrx_word' id='word_1_179' title='bbox 1059 2102 1066 2109; x_wconf 93' lang='lat'>.</span> <span class='ocrx_word' id='word_1_180' title='bbox 1087 2103 1094 2110; x_wconf 92' lang='lat'><strong>.</strong></span> <span class='ocrx_word' id='word_1_181' title='bbox 1113 2103 1119 2109; x_wconf 95' lang='lat'>.</span> <span class='ocrx_word' id='word_1_182' title='bbox 1140 2079 1289 2109; x_wconf 85' lang='lat' dir='ltr'>carmine</span> <span class='ocrx_word' id='word_1_183' title='bbox 1311 2078 1359 2109; x_wconf 74' lang='lat' dir='ltr'>CA</span> <span class='ocrx_word' id='word_1_184' title='bbox 1383 2078 1436 2118; x_wconf 74' lang='lat' dir='ltr'>(es.</span> <span class='ocrx_word' id='word_1_185' title='bbox 1452 2089 1480 2109; x_wconf 84' lang='lat' dir='ltr'>v.</span> <span class='ocrx_word' id='word_1_186' title='bbox 1500 2089 1536 2115; x_wconf 83' lang='lat'>2;</span> 
     </span>
     <span class='ocr_line' id='line_1_29' title="bbox 214 2118 1540 2161; baseline 0.005 -15"><span class='ocrx_word' id='word_1_187' title='bbox 214 2118 364 2156; x_wconf 74' lang='lat' dir='ltr'>uisisorl.</span> <span class='ocrx_word' id='word_1_188' title='bbox 384 2128 451 2148; x_wconf 79' lang='lat' dir='ltr'>var.</span> <span class='ocrx_word' id='word_1_189' title='bbox 478 2119 540 2148; x_wconf 81' lang='lat' dir='ltr'>lect.</span> <span class='ocrx_word' id='word_1_190' title='bbox 558 2121 657 2159; x_wconf 80' lang='lat' dir='ltr'>antiq.</span> <span class='ocrx_word' id='word_1_191' title='bbox 687 2121 873 2152; x_wconf 83' lang='lat' dir='ltr'>honoratus</span> <span class='ocrx_word' id='word_1_192' title='bbox 899 2123 959 2152; x_wconf 88' lang='lat' dir='ltr'>sed</span> <span class='ocrx_word' id='word_1_193' title='bbox 978 2122 1082 2152; x_wconf 88' lang='lat' dir='ltr'>multo</span> <span class='ocrx_word' id='word_1_194' title='bbox 1100 2122 1264 2161; x_wconf 81' lang='lat' dir='ltr'>carmine)</span> <span class='ocrx_word' id='word_1_195' title='bbox 1385 2130 1404 2160; x_wconf 88' lang='lat'>5</span> <span class='ocrx_word' id='word_1_196' title='bbox 1429 2121 1540 2152; x_wconf 85' lang='lat' dir='ltr'>multis</span> 
     </span>
    </p>
   </div>
   <div class='ocr_carea' id='block_1_6' title="bbox 214 2160 1537 2247">
    <p class='ocr_par' dir='ltr' id='par_1_7' title="bbox 214 2160 1537 2247">
     <span class='ocr_line' id='line_1_30' title="bbox 214 2160 1223 2203; baseline 0.006 -14"><span class='ocrx_word' id='word_1_197' title='bbox 214 2160 344 2191; x_wconf 63' lang='lat' dir='ltr'>AACA:</span> <span class='ocrx_word' id='word_1_198' title='bbox 385 2161 507 2191; x_wconf 82' lang='lat' dir='ltr'>multos</span> <span class='ocrx_word' id='word_1_199' title='bbox 523 2162 577 2191; x_wconf 70' lang='grc' dir='ltr'>ΒΑ</span> <span class='ocrx_word' id='word_1_200' title='bbox 665 2165 686 2193; x_wconf 87' lang='grc'>6</span> <span class='ocrx_word' id='word_1_201' title='bbox 710 2164 840 2202; x_wconf 87' lang='lat' dir='ltr'>prosint</span> <span class='ocrx_word' id='word_1_202' title='bbox 850 2165 962 2195; x_wconf 69' lang='grc' dir='ltr'>ΑΑΕΑ</span> <span class='ocrx_word' id='word_1_203' title='bbox 979 2176 985 2195; x_wconf 96' lang='lat'><strong>:</strong></span> <span class='ocrx_word' id='word_1_204' title='bbox 1009 2170 1152 2203; x_wconf 84' lang='lat' dir='ltr'>prosunt</span> <span class='ocrx_word' id='word_1_205' title='bbox 1169 2165 1223 2195; x_wconf 75' lang='grc' dir='ltr'>ΒΑ</span> 
     </span>
     <span class='ocr_line' id='line_1_31' title="bbox 258 2204 1537 2247; baseline 0.002 -14"><span class='ocrx_word' id='word_1_206' title='bbox 258 2204 337 2234; x_wconf 92' lang='lat' dir='ltr'>XVI</span> <span class='ocrx_word' id='word_1_207' title='bbox 362 2204 434 2234; x_wconf 78' lang='lat' dir='ltr'>lmb.</span> <span class='ocrx_word' id='word_1_208' title='bbox 459 2204 488 2234; x_wconf 93' lang='lat' dir='ltr'><em>T</em></span> <span class='ocrx_word' id='word_1_209' title='bbox 552 2216 570 2234; x_wconf 84' lang='lat'>2</span> <span class='ocrx_word' id='word_1_210' title='bbox 595 2216 712 2237; x_wconf 81' lang='lat' dir='ltr'>causas</span> <span class='ocrx_word' id='word_1_211' title='bbox 731 2208 796 2247; x_wconf 57' lang='lat' dir='ltr'>(tle.</span> <span class='ocrx_word' id='word_1_212' title='bbox 814 2208 978 2246; x_wconf 75' lang='lat' dir='ltr'>causa&#39;s?)</span> <span class='ocrx_word' id='word_1_213' title='bbox 998 2208 1018 2239; x_wconf 87' lang='lat'>1.</span> <span class='ocrx_word' id='word_1_214' title='bbox 1035 2208 1089 2237; x_wconf 77' lang='grc' dir='ltr'>ΒΑ</span> <span class='ocrx_word' id='word_1_215' title='bbox 1156 2210 1178 2238; x_wconf 90' lang='grc'>6</span> <span class='ocrx_word' id='word_1_216' title='bbox 1200 2206 1352 2238; x_wconf 85' lang='lat' dir='ltr'>sollicitis</span> <span class='ocrx_word' id='word_1_217' title='bbox 1369 2207 1468 2237; x_wconf 88' lang='lat' dir='ltr'>uelim</span> <span class='ocrx_word' id='word_1_218' title='bbox 1485 2207 1537 2237; x_wconf 74' lang='grc' dir='ltr'>ΒΑ</span> 
     </span>
    </p>
   </div>
   <div class='ocr_carea' id='block_1_7' title="bbox 213 2247 1539 2376">
    <p class='ocr_par' dir='ltr' id='par_1_8' title="bbox 213 2247 1539 2376">
     <span class='ocr_line' id='line_1_32' title="bbox 215 2247 1539 2291; baseline 0.003 -15"><span class='ocrx_word' id='word_1_219' title='bbox 215 2248 293 2286; x_wconf 77' lang='lat' dir='ltr'>&lt;pro</span> <span class='ocrx_word' id='word_1_220' title='bbox 309 2247 393 2277; x_wconf 89' lang='lat' dir='ltr'>-isve</span> <span class='ocrx_word' id='word_1_221' title='bbox 410 2258 460 2278; x_wconf 88' lang='lat' dir='ltr'>ve.</span> <span class='ocrx_word' id='word_1_222' title='bbox 476 2247 500 2284; x_wconf 68' lang='grc' dir='ltr'>ἓ)</span> <span class='ocrx_word' id='word_1_223' title='bbox 590 2250 610 2278; x_wconf 89' lang='grc'>8</span> <span class='ocrx_word' id='word_1_224' title='bbox 636 2250 706 2280; x_wconf 86' lang='lat' dir='ltr'>fieri</span> <span class='ocrx_word' id='word_1_225' title='bbox 724 2260 752 2281; x_wconf 87' lang='lat' dir='ltr'>v.</span> <span class='ocrx_word' id='word_1_226' title='bbox 769 2251 924 2281; x_wconf 82' lang='lat' dir='ltr'>sordibus</span> <span class='ocrx_word' id='word_1_227' title='bbox 941 2251 1032 2291; x_wconf 87' lang='lat' dir='ltr'>(-dus</span> <span class='ocrx_word' id='word_1_228' title='bbox 1048 2250 1099 2289; x_wconf 74' lang='lat' dir='ltr'>A)</span> <span class='ocrx_word' id='word_1_229' title='bbox 1115 2251 1162 2281; x_wconf 70' lang='lat' dir='ltr'>CA</span> <span class='ocrx_word' id='word_1_230' title='bbox 1250 2261 1270 2290; x_wconf 90' lang='lat'><strong>9</strong></span> <span class='ocrx_word' id='word_1_231' title='bbox 1295 2251 1539 2290; x_wconf 87' lang='lat' dir='ltr'>miseratorque</span> 
     </span>
     <span class='ocr_line' id='line_1_33' title="bbox 215 2291 1536 2333; baseline 0.003 -13"><span class='ocrx_word' id='word_1_232' title='bbox 215 2292 269 2329; x_wconf 72' lang='lat' dir='ltr'>(ex</span> <span class='ocrx_word' id='word_1_233' title='bbox 285 2291 546 2329; x_wconf 47' lang='lat' dir='ltr'>miseratusquel</span> <span class='ocrx_word' id='word_1_234' title='bbox 570 2291 615 2321; x_wconf 89' lang='lat' dir='ltr'>T:</span> <span class='ocrx_word' id='word_1_235' title='bbox 641 2293 887 2333; x_wconf 83' lang='lat' dir='ltr'>comisatorque</span> <span class='ocrx_word' id='word_1_236' title='bbox 900 2294 948 2324; x_wconf 69' lang='lat' dir='ltr'>CA</span> <span class='ocrx_word' id='word_1_237' title='bbox 1034 2294 1155 2324; x_wconf 89' lang='lat' dir='ltr'>libellis</span> <span class='ocrx_word' id='word_1_238' title='bbox 1173 2294 1220 2324; x_wconf 68' lang='lat' dir='ltr'>CA</span> <span class='ocrx_word' id='word_1_239' title='bbox 1335 2304 1373 2323; x_wconf 89' lang='lat'>12</span> <span class='ocrx_word' id='word_1_240' title='bbox 1398 2294 1536 2324; x_wconf 89' lang='lat' dir='ltr'>nimium</span> 
     </span>
     <span class='ocr_line' id='line_1_34' title="bbox 213 2333 1537 2376; baseline 0.004 -14"><span class='ocrx_word' id='word_1_241' title='bbox 213 2333 267 2362; x_wconf 77' lang='grc' dir='ltr'>ΒΑ</span> <span class='ocrx_word' id='word_1_242' title='bbox 418 2343 455 2372; x_wconf 86' lang='grc'>13</span> <span class='ocrx_word' id='word_1_243' title='bbox 479 2334 567 2364; x_wconf 87' lang='lat' dir='ltr'>velle</span> <span class='ocrx_word' id='word_1_244' title='bbox 588 2335 636 2365; x_wconf 64' lang='lat' dir='ltr'>CA</span> <span class='ocrx_word' id='word_1_245' title='bbox 655 2338 687 2368; x_wconf 80' lang='lat' dir='ltr'>(r.</span> <span class='ocrx_word' id='word_1_246' title='bbox 702 2347 725 2367; x_wconf 81' lang='lat' dir='ltr'>e.</span> <span class='ocrx_word' id='word_1_247' title='bbox 756 2337 858 2376; x_wconf 84' lang='lat' dir='ltr'>belle)</span> <span class='ocrx_word' id='word_1_248' title='bbox 948 2337 1054 2376; x_wconf 87' lang='lat' dir='ltr'>inquit</span> <span class='ocrx_word' id='word_1_249' title='bbox 1070 2337 1176 2367; x_wconf 70' lang='lat' dir='ltr'>BACA</span> <span class='ocrx_word' id='word_1_250' title='bbox 1265 2337 1336 2367; x_wconf 82' lang='lat' dir='ltr'>dixi</span> <span class='ocrx_word' id='word_1_251' title='bbox 1353 2340 1390 2366; x_wconf 84' lang='lat' dir='ltr'>ut</span> <span class='ocrx_word' id='word_1_252' title='bbox 1404 2337 1465 2368; x_wconf 78' lang='lat' dir='ltr'><em>vid.</em></span> <span class='ocrx_word' id='word_1_253' title='bbox 1493 2337 1537 2367; x_wconf 91' lang='lat' dir='ltr'>T:</span> 
     </span>
    </p>
   </div>
   <div class='ocr_carea' id='block_1_8' title="bbox 213 2376 1536 2465">
    <p class='ocr_par' dir='ltr' id='par_1_9' title="bbox 213 2376 1536 2465">
     <span class='ocr_line' id='line_1_35' title="bbox 213 2376 1536 2412; baseline 0.003 -7"><span class='ocrx_word' id='word_1_254' title='bbox 213 2377 292 2406; x_wconf 88' lang='lat' dir='ltr'>dicti</span> <span class='ocrx_word' id='word_1_255' title='bbox 311 2376 357 2406; x_wconf 72' lang='lat' dir='ltr'>CA</span> <span class='ocrx_word' id='word_1_256' title='bbox 456 2377 547 2407; x_wconf 87' lang='lat' dir='ltr'>iuuat</span> <span class='ocrx_word' id='word_1_257' title='bbox 565 2383 599 2408; x_wconf 88' lang='lat' dir='ltr'>et</span> <span class='ocrx_word' id='word_1_258' title='bbox 616 2378 694 2410; x_wconf 67' lang='lat' dir='ltr'>AA:</span> <span class='ocrx_word' id='word_1_259' title='bbox 721 2381 801 2410; x_wconf 87' lang='lat' dir='ltr'>satis</span> <span class='ocrx_word' id='word_1_260' title='bbox 818 2385 871 2410; x_wconf 88' lang='lat' dir='ltr'>est</span> <span class='ocrx_word' id='word_1_261' title='bbox 887 2380 959 2412; x_wconf 63' lang='lat' dir='ltr'>BA:</span> <span class='ocrx_word' id='word_1_262' title='bbox 986 2380 1067 2410; x_wconf 83' lang='lat' dir='ltr'>satis</span> <span class='ocrx_word' id='word_1_263' title='bbox 1086 2380 1133 2410; x_wconf 70' lang='lat' dir='ltr'>CA</span> <span class='ocrx_word' id='word_1_264' title='bbox 1230 2380 1441 2411; x_wconf 86' lang='lat' dir='ltr'>laudabimus</span> <span class='ocrx_word' id='word_1_265' title='bbox 1457 2380 1536 2409; x_wconf 69' lang='lat' dir='ltr'>AA:</span> 
     </span>
     <span class='ocr_line' id='line_1_36' title="bbox 213 2419 1373 2465; baseline 0.004 -16"><span class='ocrx_word' id='word_1_266' title='bbox 213 2419 422 2450; x_wconf 82' lang='lat' dir='ltr'>laudabimur</span> <span class='ocrx_word' id='word_1_267' title='bbox 434 2420 507 2452; x_wconf 70' lang='lat' dir='ltr'>BA:</span> <span class='ocrx_word' id='word_1_268' title='bbox 535 2431 622 2452; x_wconf 51' lang='lat' dir='ltr'>nnus</span> <span class='ocrx_word' id='word_1_269' title='bbox 642 2422 777 2464; x_wconf 38' lang='lat' dir='ltr'><em>KEXG2)</em></span> <span class='ocrx_word' id='word_1_270' title='bbox 796 2425 845 2455; x_wconf 82' lang='lat' dir='ltr'>vel</span> <span class='ocrx_word' id='word_1_271' title='bbox 857 2433 946 2453; x_wconf 90' lang='lat' dir='ltr'>-mur</span> <span class='ocrx_word' id='word_1_272' title='bbox 963 2423 1009 2465; x_wconf 78' lang='lat' dir='ltr'>&lt;A</span> <span class='ocrx_word' id='word_1_273' title='bbox 1019 2422 1163 2465; x_wconf 79' lang='lat' dir='ltr'><em>VBCG¹&gt;</em></span> <span class='ocrx_word' id='word_1_274' title='bbox 1183 2422 1231 2454; x_wconf 75' lang='lat' dir='ltr'>CA</span> <span class='ocrx_word' id='word_1_275' title='bbox 1370 2432 1373 2433; x_wconf 51' lang='lat'><em>⁷</em></span> 
     </span>
    </p>
   </div>
  </div>
 </body>
</html>
