1684 2763
710 144 966 182 EPIGRAM
976 146 1176 183 MATON
1209 147 1309 183 Lm.
1345 147 1404 184 III

558 255 733 292 LXXIV

92 326 283 363 Psilothro
314 325 450 363 faciem
482 326 585 363 levas
616 333 652 363 et
682 326 853 375 dropace
883 327 1044 363 calvam.

142 390 335 440 numquid
365 397 574 436 tonsorem,
608 389 839 440 Gargiliane,
873 390 1015 429 times?

87 455 182 505 quid
212 455 355 493 facient
384 456 562 505 ungues?
600 468 690 493 nam
720 463 824 493 certe
854 468 933 493 non
964 463 1075 505 potes
1106 456 1190 493 illos

142 519 266 558 resina
296 521 450 558 Veneto
480 533 553 557 nec
582 532 754 558 resecare
784 521 876 558 luto.

92 584 248 631 Desine,
280 584 309 621 si
340 586 468 634 pudor
497 592 564 630 est,
598 584 777 622 miseram
809 585 1011 623 traducere
1041 586 1214 623 calvam:
1394 601 1409 630 5

142 650 217 687 hoc
247 649 326 687 fieri
357 662 499 696 cunno,
533 649 766 699 Gargiliane‚
797 651 905 687 solet.

572 726 721 762 LXXV

90 799 207 841 Stare,
243 797 428 846 Luperce,
462 795 529 833 tibi
562 795 637 833 iam
669 796 818 846 pridem
850 797 1024 834 mentula
1053 797 1163 839 desit.

144 860 298 898 luctaris
328 861 491 898 demens
522 867 561 898 tu
592 868 723 898 tamen
753 860 926 909 arrigere.

90 926 159 963 sed
189 924 285 962 nihil
315 938 453 963 erucae
482 924 629 962 faciunt
659 925 848 974 bulbique
878 927 1024 963 salaces

145 989 309 1038 inproba
339 1003 412 1027 nec
441 997 605 1038 prosunt
633 989 709 1027 iam
741 990 908 1028 satureia
937 990 1017 1028 tibi.

91 1054 253 1104 coepisti
283 1068 397 1104 puras
427 1054 569 1104 opibus
599 1068 847 1105 corrumpere
878 1055 1047 1093 buccas:
1397 1073 1412 1102 5

143 1119 198 1157 sic
228 1133 386 1169 quoque
415 1132 495 1158 non
524 1119 618 1157 vivit
646 1119 852 1158 sollicitata
879 1121 1026 1158 Venus.

93 1183 227 1222 Mirari
255 1184 347 1222 satis
377 1186 453 1222 hoc
483 1184 690 1234 quisquam
721 1186 781 1224 vel
812 1186 969 1223 credere
999 1184 1131 1234 possit,

145 1251 252 1299 quod
283 1264 362 1289 non
393 1257 478 1297 stat,
511 1263 653 1300 magno
683 1258 794 1297 stare,
827 1252 1015 1301 Luperce,
1049 1250 1148 1289 tibi?

558 1333 730 1370 LXXVI

94 1402 238 1452 Arrigis
267 1403 317 1440 ad
347 1404 506 1448 vetulas,
539 1401 699 1448 fastidis,
734 1404 864 1448 Basse,
896 1404 1055 1452 puellaS,

147 1482 219 1506 nec
248 1468 447 1505 formonsa
477 1466 547 1505 tibi
577 1469 646 1506 sed
677 1467 862 1506 moritura
892 1469 1028 1516 placet.

96 1533 186 1578 Hic,
218 1546 323 1582 rogo,
355 1545 434 1569 non
465 1532 570 1569 furor
598 1539 665 1578 est,
696 1545 775 1570 non
806 1533 903 1570 haec
933 1539 990 1570 est
1021 1533 1194 1570 mentula
1224 1533 1416 1570 demens?

147 1611 237 1636 cum
269 1596 393 1647 possis
425 1597 631 1643 Hecaben,
663 1610 743 1634 non
773 1604 885 1646 potes
915 1597 1250 1635 Andromachen!

550 1674 745 1711 LXXVII

97 1741 181 1778 Nec
212 1740 353 1777 mullus
384 1752 456 1777 nec
487 1746 524 1776 te
553 1739 733 1785 delectat,
767 1737 935 1784 Baetice,
968 1739 1115 1781 turdus,

148 1817 221 1842 nec
250 1805 361 1853 lepus
391 1811 448 1842 est
478 1816 666 1853 umquam
697 1816 770 1841 nec
800 1802 870 1841 tibi
898 1810 1028 1852 gratus
1057 1816 1177 1853 aper:

96 1882 168 1907 nec
198 1877 235 1907 te
265 1869 344 1907 liba
373 1868 505 1906 iuvant
535 1881 608 1906 nec
637 1875 766 1907 sectae
796 1869 946 1917 quadra
974 1869 1187 1917 placentae,

150 1947 222 1972 nec
254 1933 376 1983 Libye
406 1933 522 1971 mittit
552 1946 626 1972 nec
655 1933 725 1971 tibi
756 1932 892 1971 Phasis
921 1946 1037 1971 aves:

95 1998 279 2048 capparin
309 2007 346 2037 et
375 1998 477 2048 putri
505 2011 621 2048 cepas
650 1999 772 2037 allece
802 1997 970 2037 natantis
1401 2014 1416 2043 ,ε

149 2072 187 2102 et
216 2066 375 2114 pulpam
406 2063 528 2102 dubio
557 2065 607 2102 de
636 2071 824 2113 petasone
853 2077 974 2109 voras,

98 2137 214 2178 teque
243 2128 376 2166 iuvant
404 2142 531 2178 gerres
560 2135 597 2166 et
627 2129 729 2178 pelle
759 2129 985 2177 melandrya
1013 2141 1120 2169 cana.

151 2193 318 2238 resinata
347 2193 448 2232 bibis
476 2193 575 2239 vina,
610 2194 773 2232 Falerna
800 2192 911 2243 fugis.

145 2297 289 2327 LXXIV
317 2307 328 2325 1
352 2297 443 2327 levas
459 2296 535 2328 Ital.
552 2308 557 2327 :
584 2296 676 2327 lauas
692 2295 779 2326 codd.
872 2297 935 2332 2‚6
959 2299 1080 2335 transl).
1099 2295 1153 2324 BA
1172 2294 1269 2333 (niem
1287 2293 1418 2324 verbum

99 2341 291 2378 Gargiliane
307 2339 340 2369 in
360 2344 494 2379 utroque
508 2342 615 2377 versu)
706 2349 725 2378 3
749 2339 833 2370 facie
849 2339 986 2378 tingues
1005 2339 1051 2369 CA
1193 2337 1321 2367 LXXV
1344 2337 1417 2366 hal).

106 2383 165 2413 TR
274 2392 294 2421 3
317 2383 464 2422 bullique
483 2383 531 2413 CA
554 2383 693 2422 (nonA)
808 2382 952 2413 LXXVI
977 2383 1049 2413 lmb.
1075 2382 1121 2419 Tg
1144 2392 1194 2412 vv.
1220 2390 1277 2410 1⁴2
1295 2380 1366 2410 hab.
1388 2379 1419 2408 R

102 2426 261 2456 LXXVII
288 2436 307 2464 3
324 2431 415 2457 secta
431 2427 483 2457 ΒΑ
637 2438 656 2466 4
681 2436 762 2457 auos
781 2426 829 2457 CA
847 2426 880 2466 (ο
891 2431 953 2466 pro
969 2426 1001 2456 cl
1052 2423 1057 2427 ⁴
1156 2434 1175 2463 5
1200 2423 1354 2463 capparis
1373 2422 1420 2452 (Ἀ

100 2481 116 2510 7
143 2470 233 2500 iuuat
252 2468 301 2500 CA
