1684 2763
213 143 269 180 M.
301 144 423 181 VAL.
457 144 769 183 MARTIALIS

292 261 295 264 ’
320 255 380 294 his
409 269 488 302 vos,
521 255 553 294 si
581 263 714 295 tamen
743 257 900 308 expedit
929 259 1090 308 roganti,

319 334 445 360 annos
474 321 608 361 addite
637 322 697 361 bis
726 336 864 373 precor
892 337 1078 371 novenos,

320 393 362 424 ut
390 387 570 425 nondum
600 386 721 425 nimia
749 386 857 438 piger
885 396 1043 427 senecta

321 452 390 489 sed
419 450 521 490 vitae
550 451 673 490 tribus
703 451 800 490 areis
835 453 1000 502 peractis

319 517 429 554 lucos
460 516 614 565 Elysiae
642 523 774 566 petam
804 519 970 567 puellae.
1501 536 1539 558 10

320 589 409 630 post
437 582 543 620 hunc
573 583 742 620 Nestora
771 595 844 620 nec
873 582 978 620 diem
1009 583 1165 632 rogabo.

710 688 827 724 XXV

213 767 259 803 In
291 766 483 805 matutina
511 781 635 817 nuper
663 775 859 818 spectatus
889 770 1035 807 harena

267 831 437 879 Mucius,
468 832 642 882 inposuit
671 833 738 883 qui
768 846 838 872 sua
866 834 1043 872 membra
1072 834 1178 881 focis,

211 896 242 933 si
271 896 424 946 patiens
452 898 653 948 durusque
682 898 753 937 tibi
781 898 970 949 fortisque
997 898 1161 946 videtur,

266 961 533 1001 Abderitanae
563 970 723 1012 pectora
752 963 878 1014 plebis
908 964 1041 1002 habes.

213 1038 303 1063 narn
334 1038 424 1064 cum
454 1027 606 1065 dicatur
634 1027 768 1066 tunica
796 1036 1001 1078 praesente
1031 1029 1196 1066 molesta

271 1092 374 1128 ‘Vre
404 1093 590 1138 manum‚'
619 1094 707 1142 plus
737 1100 795 1131 est
823 1093 955 1131 dicere
987 1094 1102 1131 ‘Non
1132 1092 1258 1131 facio.'

706 1198 845 1235 XXVI

214 1278 327 1323 Vare,
360 1277 610 1315 Paraetonias
642 1277 753 1316 Latia
783 1280 905 1317 modo
934 1278 1011 1317 vite
1040 1292 1109 1328 per
1137 1279 1253 1317 urbes

266 1340 410 1379 nobilis
440 1349 478 1380 et
507 1349 666 1380 centum
696 1343 775 1380 dux
804 1344 1060 1382 memorande
1088 1343 1189 1390 viris,

214 1413 252 1443 at
282 1419 388 1443 nunc
417 1406 598 1445 Ausonio
627 1408 767 1445 frustra
796 1408 987 1457 promisse
1017 1407 1200 1457 Quirino,

266 1470 421 1521 hospita
451 1471 570 1521 Lagei
599 1471 720 1510 litoris
749 1473 889 1511 umbra
917 1472 1031 1511 iaces.

213 1549 392 1585 spargere
420 1550 501 1574 non
530 1536 639 1575 licuit
668 1537 846 1587 frigentia
874 1537 1030 1576 fletibus
1061 1551 1129 1576 ora
1522 1554 1538 1584 5

266 1600 426 1650 pinguia
455 1615 528 1639 nec
557 1601 714 1640 maestis
743 1603 889 1641 addere
918 1610 1003 1641 tura
1031 1602 1143 1653 rogis.

215 1667 283 1703 sed
314 1667 427 1704 datur
455 1673 615 1705 aeterno
644 1666 835 1705 victurum
865 1667 1038 1706 carmine
1067 1681 1240 1705 nomen:

267 1731 461 1780 numquid
491 1739 528 1770 et
558 1733 644 1778 hoc,
677 1733 790 1770 fallax
820 1732 921 1779 Nile,
954 1746 1094 1783 negare
1127 1733 1272 1782 potes?

258 1868 377 1899 XXIV
400 1869 420 1898 6
444 1869 618 1899 reuocanti
634 1867 683 1899 CA
701 1872 738 1899 ut
752 1868 815 1900 vid.
834 1869 906 1910 <pro
921 1844 1048 1899 ssgcanti
1062 1869 1089 1909 3)
1262 1878 1280 1907 7
1306 1877 1470 1898 nouemus
1490 1867 1538 1899 CA

213 1922 234 1950 9
258 1912 346 1942 areis
362 1911 439 1943 Ald.
459 1923 465 1942 ε
501 1912 613 1942 aureis
637 1911 725 1942 codd.
887 1922 926 1942 10
950 1917 1061 1951 potam
1090 1911 1143 1942 CA
1168 1912 1204 1951 (o
1222 1916 1282 1951 pro
1308 1911 1340 1951 e)
1502 1921 1537 1942 11

216 1956 276 1985 hoc
300 1955 580 1996 <2>R·1'‹v‹llaendrr
685 1955 829 1985 Nestora
851 1954 1030 1986 Heinsius:
1066 1955 1208 1986 nethora
1234 1955 1294 1996 (f)
1320 1954 1369 1984 vel
1391 1955 1539 1985 nechora

213 1998 268 2028 ΒΑ
286 2009 293 2028 :
317 2008 379 2028 nec
396 1999 478 2028 hora
498 1998 547 2028 CA
563 1998 643 2038 (pro
658 2000 830 2037 nesthora,
850 1999 868 2030 i.
880 2008 903 2028 e.
922 1998 1080 2037 Nestora)
1300 1997 1400 2028 XXV
1422 1998 1494 2029 hab.
1515 1997 1545 2027 T

214 2051 234 2080 3
259 2042 429 2080 durusque
449 2042 508 2072 tibi
528 2042 692 2081 sortisque
708 2040 824 2072 ΑΛΒΑ
842 2054 848 2072 :
874 2041 1038 2081 sortisque
1057 2041 1118 2072 tibi
1135 2042 1305 2080 durusque
1324 2041 1372 2072 CA
1517 2042 1539 2071 6

215 2085 337 2115 ducere
361 2085 390 2114 T
473 2095 561 2115 nunc
581 2085 629 2115 CA
648 2087 727 2125 (pro
744 2091 776 2125 ῆ,
795 2084 814 2114 ι’.
827 2095 850 2117 e.
870 2086 954 2123 non)
1273 2084 1389 2114 XXVI
1413 2084 1486 2115 hab.
1514 2084 1543 2114 T

217 2139 231 2158 1
257 2128 470 2167 paraetonias
502 2129 600 2159 etiam
633 2127 682 2159 CA
712 2132 750 2159 ut
781 2128 844 2159 vid.
880 2127 1090 2168 (praetonias
1114 2126 1154 2167 E,
1183 2137 1245 2166 per
1273 2127 1425 2157 aetonias
1451 2125 1536 2167 XA)

214 2173 293 2202 latio
316 2182 357 2202 m.
378 2176 474 2202 necte
490 2171 575 2202 AA:
599 2172 696 2202 latias
719 2182 760 2203 m.
783 2172 848 2202 rite
864 2171 915 2201 ΒΑ
934 2183 941 2202 z
972 2172 1038 2202 lata
1062 2181 1103 2201 m.
1131 2171 1201 2201 uite
1226 2170 1325 2209 (-tae)
1354 2169 1426 2201 CA:
1458 2181 1536 2201 corr.

214 2214 288 2245 Ital.
390 2225 451 2254 per·
473 2215 582 2245 undas
606 2215 664 2244 ΑΑ
804 2225 823 2245 2
847 2215 974 2245 tenium
1002 2214 1048 2245 CA
1068 2215 1094 2255 <t
1104 2218 1166 2254 pro
1183 2224 1210 2253 c,
1231 2213 1319 2254 Ipro
1334 2214 1377 2253 T)
1517 2223 1537 2252 3

984 2266 1006 2282 Sl

215 2290 426 2330 promississe
439 2290 500 2321 ΑΑ
515 2302 522 2321 :
542 2291 679 2330 promisi
694 2289 742 2321 CA
755 2291 832 2330 (pro
849 2291 1027 2330 promisse,
1041 2291 1059 2321 ι’.
1074 2301 1097 2322 e.
1113 2290 1342 2330 promisissem
1413 2300 1432 2328 4
1450 2289 1538 2329 lagei

215 2345 291 2364 corr.
310 2334 396 2372 legei
416 2338 453 2364 ut
468 2334 529 2365 vid.
549 2333 605 2364 BA
621 2346 628 2365 z
653 2334 749 2373 lagae
768 2334 813 2365 CA
922 2343 941 2372 5
966 2333 1128 2373 fulgentia
1144 2333 1204 2363 ΑΑ
1220 2344 1227 2363 :
1253 2333 1421 2373 prigentia
1440 2332 1537 2371 (EA)

216 2378 264 2408 vel
280 2378 332 2407 sri-
351 2377 397 2407 CA
575 2379 596 2407 6
619 2377 702 2408 focis
717 2377 776 2406 ΑΑ
792 2389 799 2408 :
823 2376 914 2416 rogis
930 2376 1038 2407 ΒΑΕΑ
1215 2387 1232 2415 7
1257 2386 1380 2407 nomen
1399 2376 1537 2406 AABA:

216 2431 335 2451 munus
355 2420 404 2450 CA
535 2422 554 2450 8
578 2426 679 2460 putes
691 2421 739 2451 CA
