1684 2763
213 153 266 191 M.
299 154 421 191 VAL.
455 155 769 193 MARTIALIS

210 279 288 304 non
320 265 383 304 ille
413 265 529 304 amici
560 267 637 304 fata
667 265 774 316 luget
803 275 871 304 aut
900 266 1038 314 fratris,

210 340 373 380 uterque
403 339 516 368 natus
547 330 640 369 vivit
670 340 707 369 et
737 344 877 381 precor
905 331 1019 378 vivat,

210 397 314 433 salva
344 404 401 434 est
431 404 468 434 et
499 410 595 434 uxor
624 396 879 447 sarcinaeque
909 397 1101 447 servique,

210 461 304 498 nihil
334 463 500 500 colonus
530 461 746 513 vilicusque
776 463 943 501 decoxit.

214 527 401 565 Maeroris
432 527 547 577 igitur
576 541 694 566 causa
724 530 856 578 quae?
914 527 1035 567 Domi
1067 536 1191 566 cenat.
1508 546 1548 567 10

727 611 811 648 XII

215 682 307 717 Esse
337 680 433 730 quid
464 682 539 718 hoc
570 680 699 718 dicam
731 682 839 730 quod
869 682 978 718 olent
1008 689 1074 718 tua
1104 680 1213 719 basia
1244 695 1413 719 murram

264 746 452 794 quodque
482 745 552 783 tibi
582 753 640 784 est
670 758 889 795 numquam
920 759 1000 783 non
1029 745 1182 784 alienus
1212 747 1340 784 odor?

210 811 285 848 hoc
308 810 401 847 mihi
423 819 651 859 suspectum
673 818 741 857 est,
765 811 874 860 quod
896 812 978 849 oles
1006 811 1118 857 bene,
1143 812 1344 858 Postume,
1367 825 1522 862 semper
1541 826 1547 848 :

266 877 464 923 Postume,
497 889 577 914 non
610 876 712 914 bene
742 877 821 914 olet
851 875 918 926 qui
950 876 1051 914 bene
1081 889 1236 926 semper
1265 878 1354 915 olet.

713 953 821 990 XIII

320 1023 369 1059 Et
400 1022 517 1060 iudex
547 1022 643 1072 petit
673 1030 710 1061 et
740 1022 837 1072 petit
867 1031 1066 1071 patronus.

318 1089 444 1125 solvas
475 1101 629 1135 censeo,
663 1090 789 1134 Sexte,
822 1087 1016 1126 creditori.

723 1168 823 1204 XIV

213 1237 276 1275 Nil
308 1237 585 1286 intemptatum
618 1237 754 1284 Selius,
788 1237 840 1275 nil
872 1237 1013 1287 linquit
1044 1237 1238 1284 inausum,

265 1304 486 1341 cenandum
518 1302 702 1352 quotiens
733 1302 810 1340 iani
841 1302 948 1340 videt
978 1315 1063 1340 esse
1094 1302 1214 1341 domi.

210 1367 326 1405 eurrit
355 1368 406 1405 ad
439 1369 624 1416 Europen
656 1376 693 1406 et
724 1376 773 1414 te,
808 1366 982 1414 Pauline,
1014 1375 1183 1416 tuosque

265 1434 397 1471 laudat
427 1432 641 1479 Achilleos,
673 1434 743 1471 sed
773 1432 857 1471 sine
888 1433 976 1479 fine,
1009 1433 1142 1482 pedeS.

212 1498 240 1535 si
273 1498 368 1535 nihil
403 1499 560 1547 Europe
591 1498 692 1545 feeit,
725 1507 818 1536 tune
850 1500 992 1547 Saepta
1023 1505 1218 1546 petuntur,
1529 1513 1546 1544 5

266 1563 296 1600 si
328 1562 424 1613 quid
456 1563 688 1612 Phillyrides
719 1572 888 1617 praestet
918 1571 955 1600 et
985 1561 1220 1601 Aesonides.

213 1628 302 1666 hinc
333 1642 493 1677 quoque
524 1629 714 1678 deceptus
747 1627 1008 1677 Memphitica
1038 1629 1185 1676 templa
1215 1628 1446 1677 frequentat,

265 1692 418 1731 adsidet
449 1702 486 1730 et
516 1693 722 1740 cathedris,
756 1702 904 1731 maesta
934 1692 1110 1738 iuvenca,
1144 1692 1229 1730 tuis.

213 1757 304 1795 inde
334 1757 430 1806 petit
460 1766 620 1795 centum
652 1757 867 1807 pendentia
897 1765 1000 1795 tecta
1030 1756 1239 1804 columnis,

266 1821 372 1859 illinc
405 1821 568 1870 Pompei
599 1823 705 1861 dona
735 1835 956 1871 nemusque
986 1823 1142 1870 duplex.
1511 1838 1550 1860 10

214 1900 284 1925 nec
317 1886 519 1924 Fortunati
550 1886 696 1936 spernit
727 1900 799 1924 nec
831 1887 971 1924 balnea
1002 1886 1148 1933 Fausti,

267 1965 338 1989 nee
370 1951 490 2000 Grylli
523 1952 702 1989 tenebras
733 1951 995 2001 Aeoliamque
1027 1951 1151 2001 Lupi:

213 2030 302 2054 nam
334 2016 494 2054 thermis
524 2016 745 2066 iterumque
775 2017 996 2066 iterumque
1026 2016 1246 2066 iterumque
1278 2017 1437 2054 lauatur.

265 2081 398 2119 omnia
427 2095 516 2119 cum
549 2081 649 2129 fecit,
682 2083 751 2120 sed
782 2090 971 2120 renuente
1001 2082 1089 2128 deo,

214 2149 314 2184 lotus
344 2148 394 2185 ad
427 2149 604 2196 Europes
635 2147 791 2197 tepidae
821 2148 964 2201 bujeta
994 2145 1163 2192 recurrit,
1509 2161 1545 2192 15

266 2210 296 2249 si
327 2211 413 2260 quis
444 2211 496 2250 ibi
529 2225 657 2250 serum
689 2220 823 2261 carpat
852 2211 1003 2250 amicus
1033 2210 1114 2249 iter.

256 2314 305 2344 XI
330 2325 351 2353 9
373 2326 430 2345 ·ue
453 2315 527 2346 Ital.
662 2326 698 2346 10
721 2326 808 2355 quae
826 2315 885 2345 ΛΑ
907 2318 943 2345 nt
966 2313 1028 2345 vid.
1056 2314 1135 2353 (om.
1161 2312 1201 2343 Τὰ
1222 2312 1285 2343 CA:
1310 2321 1396 2351 quae
1420 2316 1471 2341 est
1495 2311 1550 2341 BA

211 2368 293 2388 cena
311 2364 362 2388 est
379 2359 438 2388 ΛΑ
453 2370 459 2388 :
485 2364 583 2389 cenat
600 2358 707 2389 ΒΑΕΔ
986 2357 1053 2388 XII
1070 2357 1144 2387 hab.
1171 2356 1200 2386 T
1330 2366 1341 2385 1
1370 2365 1481 2385 murra
1501 2355 1550 2385 CA

257 2401 337 2431 XIV
360 2413 371 2432 1
401 2403 509 2440 iuquit
527 2402 575 2432 CA
595 2413 683 2436 icum
699 2402 743 2435 L)
863 2412 882 2440 5
908 2407 988 2432 tunc
1001 2400 1079 2431 BA:
1104 2406 1172 2430 tum
1189 2400 1237 2430 CA
1362 2409 1376 2437 7
1402 2399 1456 2429 hic
1474 2398 1546 2430 Ital.

217 2454 253 2483 13
285 2455 361 2476 nam
386 2451 407 2476 t.
437 2446 626 2483 iterumque
653 2445 844 2484 iterumque
870 2446 889 2477 l.
918 2446 990 2476 CA:
1025 2454 1102 2474 nam
1130 2443 1271 2488 thermis
1296 2443 1417 2473 iterum
1443 2442 1550 2472 ternis

210 2489 401 2528 iterumque
419 2488 439 2519 l.
463 2488 581 2519 (filla-rt
590 2492 667 2529 post
682 2489 863 2520 Ileinst'um
999 2498 1037 2529 15
1062 2488 1177 2527 tepida
1193 2486 1248 2517 BA
