1684 2763
477 419 544 467 M.
594 420 754 468 VAL.
809 419 1223 468 MARTIALIS

543 511 1154 586 EPIGRAMMATON

703 655 874 692 LIBER
906 655 948 692 II

436 777 537 813 Vm„
572 776 812 813 MARTMJJS
844 777 1040 814 1⁷)EC1ANO
1069 777 1151 814 Svo
1180 776 1270 813 SAL.

242 865 378 912 ί(ῥνιι)
413 863 550 901 nobis'
580 863 710 913 inquis
749 867 861 901 ‘cum
897 863 1095 913 epistola?
1133 877 1269 914 parum
1306 863 1413 902 enim
1447 863 1516 901 tibi

186 937 438 978 praestamus,
456 929 485 967 si
500 929 665 979 legimus
679 928 990 978 epigrammata?
1019 928 1114 979 quid
1132 929 1195 967 hic
1213 942 1329 979 porro
1342 928 1518 967 dicturus

184 1009 225 1032 es
247 996 355 1045 quod
377 1008 457 1033 non
479 994 605 1044 possis
618 993 795 1032 versibus
815 994 976 1032 dicere?
1025 994 1155 1032 Video
1176 1008 1296 1044 quare
1318 994 1518 1045 tragoedia

184 1068 303 1110 atque
333 1060 542 1098 comoedia
571 1059 778 1109 epistolam
812 1059 1019 1108 accipiant,
1051 1059 1195 1109 quibus
1230 1074 1300 1109 pro
1334 1073 1376 1098 se
1410 1059 1516 1109 loqui
1540 1069 1556 1098 5

186 1139 264 1163 non
286 1125 376 1163 licet
394 1140 401 1163 :
430 1125 713 1175 epigrammata
739 1124 900 1163 curione
921 1138 1001 1163 non
1025 1133 1139 1174 egent
1162 1133 1199 1164 et
1220 1133 1408 1164 contenta
1428 1133 1517 1163 sunt

185 1204 265 1237 sua,
288 1190 328 1229 id
355 1199 414 1229 cst
445 1192 557 1237 mala,
584 1190 738 1240 lingua:
777 1190 816 1227 in
847 1203 1099 1240 quacumque
1129 1190 1271 1240 pagina
1290 1190 1416 1228 visum
1447 1199 1516 1237 est,

185 1256 391 1306 epistolam
424 1257 584 1295 faciunt.
642 1255 735 1294 Noli
771 1269 873 1306 ergo,
905 1255 936 1293 si
971 1255 1041 1293 tibi
1076 1255 1241 1303 videtur,
1277 1270 1359 1295 rem
1391 1257 1518 1294 facere

186 1321 389 1360 ridiculam
412 1330 449 1360 et
471 1321 509 1359 in
535 1330 625 1371 toga
646 1321 821 1359 saltantis
843 1320 1030 1359 inducere
1050 1334 1273 1371 personam.
1334 1320 1518 1371 Denique

184 1387 326 1425 videris
356 1401 405 1425 an
436 1394 474 1425 te
503 1388 673 1425 delectet
703 1393 840 1424 contra
873 1385 1070 1424 retiarium
1110 1387 1245 1424 ferula.
1304 1387 1389 1436 Ego
1418 1386 1580 1424 interro

185 1452 270 1489 illos
305 1453 426 1490 sedeo
465 1451 531 1501 qui
572 1451 750 1501 protinus
789 1453 1028 1489 reclamant?
1086 1453 1188 1489 Puto
1229 1464 1291 1489 me
1326 1452 1518 1497 hercules,

189 1517 373 1564 Deciano,
405 1530 539 1555 verum
575 1517 686 1555 dicis.
745 1516 853 1566 Quid
889 1516 919 1554 si
959 1516 1057 1554 scias
1097 1530 1187 1554 cum
1224 1530 1301 1566 qua
1331 1525 1367 1554 et
1399 1530 1516 1566 quam

183 1584 299 1632 longa
337 1582 503 1633 epistola
542 1581 743 1631 negotium
784 1581 900 1620 fueris
940 1581 1178 1620 habiturus?
1236 1584 1376 1632 Itaque
1410 1583 1517 1631 quod

183 1648 302 1698 exigis
325 1649 402 1686 siat.
462 1648 678 1685 Debebunt
701 1647 769 1685 tibi
792 1647 821 1685 si
853 1647 918 1697 qui
942 1647 979 1685 in
1003 1649 1108 1686 hunc
1130 1647 1273 1686 librum
1296 1647 1517 1693 inciderint,

184 1714 292 1762 quod
313 1714 363 1751 ad
386 1712 550 1763 primam
572 1713 755 1762 paginam
778 1726 858 1750 non
880 1712 970 1750 lassi
991 1712 1232 1763 pervenient.
1540 1712 1578 1743 ¹5

843 1801 860 1838 I

185 1874 276 1909 TER
307 1880 474 1910 centena
504 1871 664 1921 quidem
695 1879 851 1922 poteras
881 1871 1164 1921 epigrammata
1193 1872 1301 1919 ferre,

239 1938 308 1975 sed
338 1937 425 1987 quis
455 1945 493 1975 te
523 1939 636 1975 ferret
667 1938 973 1986 perlegeretque,
1005 1936 1131 1975 liber?

183 2011 223 2040 at
252 2016 358 2040 nunc
388 2002 577 2041 succincti
608 2016 709 2052 quae
739 2001 815 2039 sint
846 2002 951 2040 bona
981 2001 1090 2039 disce
1120 2001 1253 2039 libelli.

239 2070 314 2107 lioc
344 2068 514 2119 primum
545 2076 614 2115 est,
646 2067 802 2106 brevior
831 2069 940 2118 quod
972 2066 1066 2105 mihi
1098 2068 1233 2105 charta
1262 2066 1385 2117 perit3

230 2159 342 2190 Emsr.
362 2169 428 2189 om.
453 2159 500 2189 CA
593 2168 605 2187 1
633 2157 707 2189 Val.
729 2181 737 2189 .
758 2182 766 2189 .
785 2182 792 2189 .
815 2157 884 2188 Sal.
902 2157 971 2188 secl.
989 2157 1125 2188 διν-ἶνιν.
1228 2167 1247 2186 2
1272 2166 1390 2195 parum
1408 2156 1517 2196 enim]

185 2212 348 2240 parumne
364 2202 439 2232 Ital.
533 2211 553 2240 3
579 2202 717 2232 (laturus
730 2201 793 2241 ΡΩ
811 2203 845 2242 (a
857 2207 918 2241 pro
935 2201 979 2239 ic)
1070 2212 1089 2239 4
1112 2200 1268 2231 uersibus
1280 2200 1356 2231 Ital.
1374 2211 1381 2230 ε
1405 2199 1519 2230 uerbis

188 2251 263 2286 pro
273 2245 407 2282 versib„
419 2245 438 2275 i.
450 2255 474 2276 r.
491 2245 659 2284 versibus)
751 2256 781 2283 4,
802 2254 821 2282 5
839 2255 869 2283 q.
893 2248 932 2274 tr.
954 2248 1055 2283 atquc
1072 2254 1099 2274 c.
1120 2242 1240 2273 Gilbert
1255 2254 1262 2272 :
1287 2252 1390 2282 quare
1407 2247 1518 2282 trago·

183 2289 259 2320 edia
275 2293 331 2319 aut
349 2299 414 2327 qua
430 2288 612 2326 comoedia,
626 2287 692 2318 cod.
711 2292 747 2317 m·
765 2287 828 2318 vid.
851 2290 932 2326 (qua
951 2292 972 2318 t.
992 2291 1048 2317 aut
1066 2297 1131 2326 qua
1149 2297 1176 2318 c.
1192 2287 1231 2326 P,
1252 2296 1355 2325 quare
1373 2290 1395 2316 t.
1415 2292 1472 2316 aut
1490 2296 1516 2316 c.

183 2332 262 2373 LQ)
278 2344 285 2363 ;
311 2342 415 2372 quare
434 2331 587 2369 tragoedi
608 2356 614 2364 ,
635 2356 641 2361 .
660 2355 667 2362 .
691 2330 844 2361 comoedi
862 2331 937 2361 Ital.
1072 2340 1088 2368 7
1115 2330 1146 2359 id
1165 2334 1217 2360 est
1235 2330 1321 2360 mala
1337 2329 1395 2360 del.
1416 2330 1462 2360 ed.
1483 2340 1514 2360 a.

186 2386 268 2415 5473
386 2386 407 2415 9
431 2380 465 2405 ct
483 2375 516 2404 in
534 2374 606 2405 Ital.
625 2387 633 2405 :
657 2380 691 2405 et
708 2375 787 2405 dein
805 2373 869 2405 cod.
990 2373 1144 2404 saltantis
1160 2373 1337 2403 Fontanus
1352 2385 1358 2404 :
1382 2373 1516 2403 saltanti

181 2420 248 2450 rod.
265 2431 272 2450 z
295 2419 475 2449 saltantem
493 2418 567 2449 Ital.

228 2464 239 2494 1
266 2463 341 2494 hab.
369 2462 398 2493 T
528 2471 548 2491 2
572 2472 631 2492 —ue
646 2461 691 2492 ΡΖ
822 2470 842 2500 3
868 2461 911 2491 sit
934 2460 982 2493 T:
1007 2465 1085 2491 sunt
1105 2460 1153 2491 CA
