1684 2763
729 154 1197 193 EPIGRAMMATON
1228 155 1330 192 LIB.
1364 154 1469 191 XIII

510 266 594 304 CV.
625 265 730 303 Favi
756 265 887 303 Siculi.

137 351 240 389 Cum
270 350 424 389 dederis
454 350 607 389 Siculos
638 350 792 389 mediae
821 352 872 389 de
902 351 1068 389 collibus
1101 352 1271 400 Hyblae,

190 415 405 466 Cecropios
435 415 543 454 dicas
573 423 615 454 tu
646 416 736 454 licet
765 429 850 454 esse
883 418 1002 455 favos.

533 520 640 559 CVI.
674 521 853 558 Passum.

139 599 289 638 Gnosia
316 599 479 638 Minoae
507 601 642 651 genuit
671 601 871 640 vindemia
901 603 1042 641 Cretae

193 666 269 704 hoc
299 664 381 712 tibi,
414 667 522 715 quod
553 668 725 704 mulsum
755 666 938 717 pauperis
968 681 1053 705 esse
1083 669 1193 706 solet.

489 771 522 809 C
528 772 583 808 VI
591 772 607 808 Ι
614 801 620 808 .
652 771 840 808 Picatum.

142 852 255 889 Haec
285 852 335 890 de
365 851 516 890 vitifera
544 851 698 891 venisse
729 852 857 902 picata
886 853 1042 890 Vienna

193 930 242 954 ne
272 917 442 964 dubites,
476 917 579 956 misit
612 920 806 956 Romulus
837 918 920 968 ipse
950 917 1057 955 mihi.

513 1023 667 1061 CVIII.
700 1024 890 1061 [Mulsum.

140 1103 272 1141 Attica
301 1110 526 1141 nectareum
558 1103 721 1142 turbatis
754 1106 869 1142 mella
900 1105 1119 1143 Falernum.

196 1167 348 1206 misceri
377 1169 492 1207 decet
520 1169 598 1207 hoc
626 1182 649 1207 a
679 1170 911 1219 Ganymede
941 1183 1104 1208 merum.

528 1273 636 1313 CIX.
668 1274 879 1312 Albanum.

144 1355 236 1392 Hoc
266 1354 316 1392 de
346 1354 548 1393 Caesareis
578 1355 682 1393 mitis
711 1355 912 1394 vindemia
940 1356 1047 1394 cellis

196 1418 311 1465 misit,
345 1421 457 1457 Iuleo
487 1433 588 1469 quae
617 1420 691 1458 sibi
721 1428 856 1458 monte
886 1422 1023 1471 placet.

516 1524 600 1563 CX.
632 1525 919 1563 Surrentinum.

143 1603 371 1643 Surrentina
400 1603 535 1642 bibis?
573 1619 647 1643 nec
679 1605 849 1644 murrina
879 1606 983 1656 picta
1012 1620 1085 1645 1166
1114 1620 1251 1646 aurum

197 1683 334 1708 sume:
374 1670 527 1708 dabunt
556 1670 697 1709 calices
727 1673 825 1710 haec
855 1671 924 1710 tibi
955 1672 1045 1710 vina
1073 1686 1175 1711 suos,

517 1775 612 1814 CXI
619 1806 626 1813 .
657 1777 880 1814 Falernum.

147 1857 207 1894 De
237 1855 485 1895 Sinuessanis
514 1864 705 1895 venerunt
736 1858 908 1897 Massica
938 1858 1080 1909 prelis:

199 1920 362 1960 condita
391 1935 471 1971 quo
500 1921 654 1972 quaeris
684 1925 877 1962 consule?
935 1926 1082 1962 Nullus
1112 1932 1203 1963 erat.

189 2023 248 2054 CV
272 2024 345 2055 lzab.
371 2024 401 2054 T
487 2035 500 2056 1
527 2025 658 2057 dederit
681 2025 710 2056 T
817 2027 940 2066 figulos
963 2027 1009 2060 T:
1042 2027 1159 2058 siculis
1179 2028 1226 2060 CA
1245 2028 1334 2070 (cum
1352 2028 1381 2059 L
1402 2034 1477 2060 aule

145 2070 243 2101 corr.)
335 2068 446 2100 media
465 2069 514 2100 CA
644 2080 663 2099 2
688 2070 873 2110 Cecropias
892 2071 937 2102 CA
1028 2071 1102 2102 faos
1120 2072 1170 2103 CA

189 2110 264 2142 CVI
290 2111 362 2142 hab.
385 2112 414 2142 T
501 2123 514 2142 1
535 2113 683 2144 Gnosiae
700 2113 756 2143 BA
888 2124 907 2144 2
931 2115 1043 2146 solent
1060 2114 1117 2144 BA

188 2155 283 2185 CVII
308 2155 381 2186 hab.
405 2155 434 2186 T
521 2167 534 2187 1
562 2157 712 2188 uenisset
731 2156 778 2188 CA
795 2161 832 2188 ut
846 2158 910 2189 vid.

190 2198 301 2228 CVIII
326 2199 399 2229 1ιαύ.
425 2199 455 2229 T

189 2241 270 2271 CIX
293 2242 365 2273 lzab.
392 2241 421 2271 T
506 2252 520 2272 1
548 2243 654 2274 mittis
669 2243 777 2275 BACA
878 2255 897 2275 2
923 2244 1016 2276 Iuleo
1040 2244 1137 2276 Ima:
1163 2245 1268 2277 iuleto
1292 2246 1338 2277 T:
1363 2246 1473 2276 hibleo

148 2285 242 2326 <hy-)
260 2285 315 2314 BA
332 2296 339 2316 ι
362 2285 429 2315 iule
448 2286 545 2327 (dae)
561 2290 597 2317 ut
611 2287 674 2318 vid.
694 2287 740 2318 CA

191 2328 253 2358 CX
277 2329 350 2359 1ιαὺ.
378 2329 407 2359 T

192 2371 271 2402 CXI
296 2371 369 2402 hab.
401 2371 430 2402 T
516 2383 529 2403 1
555 2373 629 2404 sinu
647 2379 680 2405 et
696 2373 789 2405 sanis
808 2374 857 2405 CA
968 2385 987 2405 2
1010 2375 1095 2416 quo]
1113 2386 1178 2415 que
1197 2380 1254 2406 tua
1272 2375 1318 2406 CA
1403 2381 1474 2406 erat

146 2414 277 2446 AACA:
304 2415 368 2446 erit
383 2415 438 2446 BA
