1684 2763
798 160 1266 201 EPIGRAMMATON
1300 164 1402 201 LIB.
1436 163 1535 200 XIV

600 270 830 308 CXLVIII.
867 272 1030 309 Lodices.

315 346 436 383 Nudo
466 346 634 393 stragula
664 359 712 383 ne
743 353 828 384 toro
858 354 1046 396 paterent,

313 409 469 448 iunctae
499 424 570 448 nos
600 409 670 449 tibi
700 411 879 449 venimus
909 426 1070 450 sorores.

574 516 646 555 CX
652 518 683 553 L
689 517 705 553 I
712 518 746 553 X
753 547 759 554 .
792 517 829 554 A
834 517 1058 555 ml'cfom’ltm.

209 591 453 627 Mammosas
484 597 646 635 metuo;
684 597 839 629 tenerae
869 604 932 629 me
962 592 1071 629 trade
1101 593 1264 641 puellae,

260 662 302 692 ut
331 654 483 704 possint
512 655 628 693 niveo
657 663 815 705 pectore
844 655 923 694 lina
952 656 1036 694 frui.

523 761 555 798 (j
562 761 577 796 Ι
582 786 604 797 A.
645 761 892 798 Cubicularia
911 761 1111 810 pogwnita.

210 837 324 873 Haec
354 835 424 873 tibi
457 835 676 885 Memphitis
707 838 820 874 tellus
851 838 918 875 dat
949 851 1134 876 munera:
1176 838 1278 877 victa
1307 847 1365 878 est

261 897 416 947 pectine
447 897 602 936 Niliaco
632 898 708 936 iam
741 900 966 948 Babylonos
1000 914 1103 939 acus.

681 1003 785 1041 CLI.
823 1005 940 1042 Zona.

210 1080 346 1127 Longa
375 1078 466 1116 satis
496 1092 602 1116 nunc
632 1092 744 1126 sunm
783 1080 889 1118 dulci
919 1082 989 1119 sed
1020 1083 1196 1131 pondere
1226 1090 1359 1121 venter

260 1143 292 1181 si
321 1150 481 1190 tumeat,
512 1145 603 1181 fiam
633 1151 727 1183 tunc
755 1145 826 1183 tibi
854 1158 953 1183 zona
982 1146 1120 1184 brevis.

477 1244 608 1282 CLII.
645 1244 873 1294 Gausapum
902 1246 1149 1293 quadratum.

211 1318 379 1357 Lodices
410 1319 537 1358 mittet
567 1319 674 1358 docti
705 1320 775 1358 tibi
805 1328 904 1359 terra
940 1321 1108 1361 Catulli:

263 1397 335 1422 nos
367 1384 604 1422 Helicaonia
633 1386 683 1423 de
713 1385 871 1435 regione
905 1400 1052 1424 sumus.

587 1485 619 1522 C
625 1485 678 1521 LI
686 1485 702 1521 Ι
709 1485 727 1521 Ι
733 1515 739 1522 .
773 1486 858 1523 Sem
863 1485 1049 1522 [cincll'mn
1056 1516 1062 1523 .

212 1562 291 1598 Det
320 1559 494 1598 tunicam
525 1562 724 1611 locuples:
763 1575 836 1611 ego
866 1569 903 1600 te
934 1561 1183 1612 praecingere
1212 1575 1384 1612 possum.

264 1639 390 1664 essem
421 1625 453 1663 si
482 1627 669 1676 locuples,
703 1640 845 1665 munus
876 1635 1087 1678 utrumque
1117 1629 1263 1666 darem.

511 1731 655 1769 CLIV.
691 1732 826 1769 Lanae
849 1733 1133 1780 amelhyslinae.

212 1806 331 1845 Ebria
360 1806 547 1845 Sidoniae
576 1821 666 1845 curn
697 1807 769 1845 sim
800 1809 850 1846 de
880 1808 1070 1858 sanguine
1099 1810 1287 1856 conchae,

264 1885 344 1910 non
375 1871 491 1910 video
521 1885 641 1922 quare
670 1872 800 1911 sobria
829 1874 919 1911 lana
947 1887 1073 1912 vocer.

255 1976 431 2006 CXLVIII
456 1976 529 2006 lmb.
553 1976 582 2006 T
670 1986 683 2006 1
712 1977 812 2007 Nudo
835 1977 895 2007 AA
920 1978 1011 2018 (-dos
1039 1978 1085 2016 T)
1106 1978 1175 2008 CA:
1204 1978 1331 2009 Mundo
1350 1979 1401 2009 BA
1522 1988 1540 2008 2

211 2030 366 2050 caremus
382 2020 461 2049 AA:
487 2019 644 2050 uenimus
654 2020 706 2050 ΒΑ
714 2020 762 2050 CA
778 2032 784 2051 :
807 2021 955 2051 cavimus
970 2022 1130 2052 Heinsius

255 2063 401 2093 CXLIX
425 2063 498 2094 lzab.
526 2063 555 2093 T
643 2074 655 2093 1
684 2064 871 2095 Mammosa
886 2065 940 2094 BA

255 2107 313 2137 CL
336 2106 408 2137 hab.
430 2106 460 2136 T
500 2117 671 2137 CVBICVLA
691 2108 720 2138 T
850 2119 862 2138 1
890 2109 1106 2148 menphiticis
1125 2109 1257 2150 (mem-)
1276 2109 1331 2139 BA
1419 2114 1497 2139 ueta
1518 2109 1547 2139 T

211 2160 230 2180 2
256 2150 337 2190 iam]
358 2150 388 2180 la
411 2150 440 2180 T
537 2161 640 2182 aecus
658 2151 703 2181 CA
724 2151 795 2191 (scd
807 2162 888 2182 acus
906 2151 962 2192 X>

256 2193 329 2224 CLI
355 2194 429 2224 Ital).
455 2193 484 2222 T
570 2204 583 2223 Ι
610 2205 676 2225 non
696 2198 732 2224 nt
757 2195 819 2226 vid.
840 2195 896 2224 BA
1001 2196 1078 2227 duci
1099 2196 1145 2227 CA
1270 2207 1288 2225 2
1314 2197 1390 2226 fiam
1408 2195 1517 2226 AACA
1535 2207 1542 2225 z

214 2238 271 2268 fiet
284 2237 337 2266 ΒΑ
435 2237 504 2267 tibo
523 2237 571 2267 CA

256 2281 348 2311 CLII
374 2280 446 2311 hab.
472 2281 501 2311 T
541 2291 696 2312 GAVSAPE
715 2281 744 2319 Q
847 2292 859 2311 1
886 2283 975 2313 docti
999 2283 1134 2314 AACA3
1159 2283 1228 2313 noti
1245 2283 1299 2312 ΒΑ
1320 2283 1397 2324 (pro
1413 2283 1494 2323 dost]
1506 2282 1541 2317 ti,

212 2325 230 2355 ι’.
240 2335 263 2355 e.
283 2324 408 2359 docti2)
515 2335 534 2354 2
559 2335 620 2355 nos
637 2325 774 2356 AABA:
800 2336 868 2356 non
886 2326 934 2356 CA

257 2367 365 2398 CLIII
391 2367 463 2398 hab.
485 2367 515 2397 T
601 2379 613 2398 1
641 2379 668 2399 e.
686 2373 707 2399 t.
728 2379 777 2408 pr.
799 2368 871 2408 p0.]
889 2380 1009 2400 munus
1033 2374 1175 2408 uterque
1199 2371 1314 2400 darem
1336 2369 1430 2410 T(cf.
1456 2379 1484 2400 v.
1506 2368 1539 2408 2)

214 2422 350 2451 possum
370 2410 440 2441 BA:
467 2412 591 2450 possim
621 2411 670 2441 CA
760 2423 778 2441 2
803 2422 877 2443 esse
895 2413 996 2453 (EA)
1016 2414 1062 2443 vel
1075 2423 1184 2444 essem
1203 2413 1274 2454 (X)
1295 2413 1342 2443 Cf*-

258 2453 366 2485 CLIV
389 2454 463 2486 stab.
486 2455 515 2485 T
602 2465 615 2485 1
642 2455 685 2486 sit
701 2455 762 2484 ΑΛ
849 2457 979 2487 concha
995 2457 1054 2486 ΑΛ
