1684 2763
750 148 1213 186 131‘10RimmlxsON
1247 149 1296 186 LI
1307 150 1349 186 B.

136 254 195 293 bis
226 268 342 293 senos
374 254 543 304 triplices
573 262 611 293 et
641 254 900 304 dentiscalpia
929 264 1108 304 septem,

189 319 247 357 his
278 333 410 357 comcs
440 319 603 357 accessit
635 333 819 369 spongea,
852 333 1004 369 mappa,
1038 321 1146 367 calix,

134 384 413 433 semodiusque
443 384 555 422 fabae
585 397 674 421 cum
706 383 850 422 vimine
882 384 1111 422 Picenarum

186 457 225 487 ct
257 451 466 487 Laletanae
497 449 604 498 nigra
634 450 774 498 lagona
804 463 948 499 sapae,

133 528 328 563 parvaque
357 527 446 551 cum
477 514 583 551 canis
613 522 803 552 venerunt
833 522 990 552 cottana
1019 515 1152 564 prunis

186 587 224 616 et
255 579 425 628 Libycae
456 579 517 617 fici
547 580 723 629 pondere
754 588 853 618 testa
880 579 1016 629 gravis.

132 644 193 681 vix
223 652 319 693 puto
349 644 504 693 triginta
534 658 785 682 nummorum
817 653 899 683 tota
929 645 1045 683 fuisse

187 722 348 747 munera
376 723 476 758 quae
505 711 671 759 grandes
702 718 792 747 octo
827 712 948 748 tulcrc
984 711 1077 759 Syri.

134 778 294 822 Quanto
324 774 574 812 commodius
604 777 712 812 nullo
744 775 837 813 mihi
869 777 964 814 ferre
995 776 1127 813 labore

185 839 330 889 argenti
363 840 489 890 potuit
520 841 695 889 pondera
725 840 901 890 quinque
932 844 1052 890 puer!

694 935 788 970 LIV

132 1006 293 1053 Semper
323 1017 438 1041 mane
468 1002 563 1041 mihi
593 1005 643 1041 de
675 1017 737 1041 me
768 1017 873 1041 mera
902 1003 1054 1042 somnia
1086 1018 1228 1050 narras,

184 1082 284 1117 quae
315 1077 497 1107 moveant
526 1068 702 1106 animum
733 1069 1023 1118 sollicitentque
1054 1083 1196 1107 meum.

132 1133 206 1170 iam
238 1133 340 1183 prior
368 1135 419 1172 ad
450 1135 611 1181 faecem,
644 1135 713 1171 sed
744 1142 781 1172 et
812 1135 908 1172 haec
939 1133 1137 1172 vindemia
1168 1133 1283 1180 venit,

183 1207 314 1236 exorat
344 1207 480 1236 noctes
510 1200 605 1236 dum
637 1198 732 1236 mihi
761 1212 852 1248 saga
882 1206 994 1246 tuas3

130 1263 357 1313 consumpsi
387 1265 586 1313 salsasque
617 1265 740 1301 molas
770 1272 808 1301 et
838 1263 931 1301 turis
960 1277 1147 1311 acervos,

182 1330 389 1367 decrevere
417 1342 563 1379 greges,
595 1330 690 1367 dum
721 1329 826 1367 cadit
854 1342 955 1378 agna
983 1330 1194 1379 frequens,

130 1407 208 1431 non
239 1407 390 1443 porcus,
423 1407 503 1431 non
532 1393 677 1431 chortis
706 1407 807 1439 aves,
840 1407 920 1431 non
951 1407 1024 1432 ova
1053 1401 1271 1443 supersunt.

181 1466 247 1496 aut
276 1458 391 1508 vigila
418 1466 485 1496 aut
514 1458 651 1505 dormi,
685 1458 914 1506 Nasidiane,
944 1458 1024 1496 tibi.

704 1552 775 1588 LV

237 1621 345 1659 Nulli
376 1635 550 1668 munera,
581 1622 755 1667 Chreste,
789 1620 819 1659 si
849 1621 1022 1668 remittis,

236 1699 308 1724 nec
338 1685 451 1724 nobis
481 1685 635 1724 dederis
665 1684 960 1734 remiserisque:

235 1752 391 1789 credam
422 1758 459 1788 te
489 1750 580 1788 satis
611 1763 695 1788 esse
725 1750 936 1788 liberalem.

234 1817 303 1854 sed
333 1815 364 1853 si
394 1815 524 1854 reddis
555 1815 695 1865 Apicio
726 1817 920 1865 Lupoque

234 1888 272 1918 et
303 1882 417 1918 Gallo
446 1880 631 1930 Titioque
663 1880 896 1930 Caesioque,

234 1946 357 1995 linges
387 1959 466 1983 non
497 1944 740 1983 mihi—nam
770 1946 894 1996 proba
923 1953 960 1983 et
990 1945 1129 1995 pusilla
1159 1954 1271 1984 est—

234 2011 304 2048 sed
334 2024 435 2060 quae
464 2011 514 2048 de
544 2010 711 2060 Solymis
741 2010 847 2049 venit
876 2010 1042 2060 perustis

233 2077 458 2113 damnatam
490 2077 611 2114 modo
641 2077 855 2114 mentulam
886 2075 1050 2114 tributis.

1382 150 1461 187 Vll

1423 728 1461 749 10

172 2178 252 2208 LIII
278 2188 297 2216 5
320 2179 492 2209 semodius
519 2179 538 2210 s.
571 2190 598 2210 c.
627 2180 753 2211 uimide
780 2180 950 2219 picearum
978 2180 1032 2210 BA
1217 2181 1238 2209 6
1263 2180 1452 2211 Lacetanae

129 2221 355 2251 Friedlaendcr
374 2222 421 2252 ad
438 2224 464 2261 I,
484 2223 564 2263 xlix,
584 2233 626 2253 22
782 2234 798 2261 7
824 2225 922 2263 pruni
941 2224 988 2254 CA
1166 2225 1185 2254 8
1210 2224 1272 2254 fiee
1300 2226 1382 2263 (-ae†=
1404 2223 1450 2254 CA

132 2275 171 2294 10
195 2265 291 2305 Syri]
310 2266 360 2295 sui
379 2266 427 2295 CA
691 2267 766 2297 LIV
789 2268 863 2298 lzab.
891 2267 920 2298 T
1056 2278 1067 2297 1
1096 2268 1176 2297 mihi
1193 2268 1235 2298 de
1255 2277 1306 2296 me
1324 2267 1401 2297 mihi
1421 2276 1445 2297 S.

128 2308 177 2337 B:
204 2308 284 2338 mihi
303 2309 343 2338 de
360 2319 413 2338 me
430 2309 514 2339 mala
531 2320 556 2341 s.
579 2309 699 2340 Gilbert
760 2321 779 2349 5
805 2311 1031 2350 cumsumpsis
1047 2311 1201 2350 salsaque
1221 2310 1270 2341 CA

1339 2321 1354 2349 7
1381 2310 1451 2340 auis

134 2351 163 2380 T
225 2362 292 2381 non
307 2361 397 2382 noua
406 2352 462 2382 BA
537 2354 594 2383 LV
620 2364 633 2384 1
648 2355 801 2384 chi-estre
816 2354 871 2384 ΒΑ
883 2354 953 2392 (sed
961 2355 995 2384 in
1007 2355 1160 2384 lemmate
1168 2354 1232 2385 CH
1242 2354 1449 2393 RESTE-)

128 2405 147 2432 5
171 2395 345 2436 Titioque]
363 2396 497 2435 utioque
514 2396 567 2426 ΒΑ
699 2399 720 2428 6
743 2398 843 2436 lingis
859 2398 912 2427 BA
932 2402 1008 2439 <pro
1025 2408 1100 2437 -ges
1112 2398 1135 2438 3)
1226 2397 1337 2438 puella
1352 2396 1406 2427 BA
