1684 2715
875 130 1133 169 EPIGRAM
1141 133 1344 172 MATON
1376 135 1478 173 LIB.
1514 137 1530 174 1

680 242 821 279 XXIX

198 322 319 359 Fama
348 322 462 360 refert
492 329 647 360 nostros
677 331 725 370 te,
760 322 980 372 Fidentine,
1013 325 1166 366 libellos

250 400 330 424 non
359 386 470 425 aliter
498 388 648 436 populo
678 401 798 437 quam
829 389 991 429 recitare
1021 398 1121 430 tuos.

194 451 224 489 si
256 465 343 490 rnea
372 451 428 490 vis
458 451 548 499 dici,
579 452 695 502 gratis
726 453 796 492 tibi
826 455 1000 494 carmina
1029 457 1206 497 mittam:

248 517 278 555 si
308 517 386 556 dici
417 525 484 556 tua
513 517 580 565 vis,
613 519 689 556 hoc
719 533 817 566 eme,
850 534 900 558 ne
930 535 1018 560 mea
1047 523 1134 561 sint.

691 637 807 673 XXX

192 715 406 766 Chirurgus
436 717 570 764 fuerat,
603 731 709 756 nunc
739 726 798 756 est
826 719 981 769 vispillo
1012 720 1189 760 Diaulus.

244 781 375 832 coepit
405 795 485 831 quo
514 790 667 832 poterat
697 783 861 822 clinicus
891 798 976 823 esse
1007 788 1139 824 modo.

675 901 815 937 XXXI

192 981 280 1017 Hos
309 979 391 1026 tibi,
425 980 598 1027 Phoebe,
630 989 745 1019 vovet
775 988 879 1019 totos
908 995 931 1019 a
960 982 1104 1021 vertice
1134 983 1258 1022 crines

243 1046 457 1094 Encolpos,
488 1045 641 1083 domini
671 1046 912 1085 centurionis
941 1060 1062 1095 amor,

187 1117 294 1158 grata
324 1111 484 1148 Pudens
514 1110 641 1148 meriti
671 1110 801 1149 tulerit
831 1125 921 1150 cum
951 1113 1125 1162 praemia
1154 1113 1232 1163 pili.

241 1188 360 1224 quam
391 1174 561 1225 primum
592 1177 739 1225 longas,
774 1177 947 1226 Phoebe,
980 1178 1110 1216 recide
1141 1192 1286 1227 comas,

187 1241 283 1277 dum
314 1241 421 1278 nulla
450 1240 573 1278 teneri
603 1242 764 1279 sordent
794 1242 979 1292 lanugine
1008 1245 1136 1282 voltus
1503 1262 1520 1293 5

240 1306 417 1355 dumque
447 1306 590 1344 decent
620 1307 729 1345 fusae
758 1308 884 1345 lactea
912 1309 1014 1346 colla
1043 1308 1184 1357 iubae,-

186 1378 308 1420 utque
337 1370 413 1408 tuis
443 1371 604 1420 longum
635 1371 903 1422 dominusque
932 1386 1108 1423 puerque
1138 1375 1314 1413 fruantur

240 1435 479 1482 muneribus,
512 1444 671 1474 tonsum
702 1438 762 1475 fac
792 1437 882 1485 cito,
914 1451 1000 1476 sero
1030 1438 1166 1476 virum.

661 1554 825 1590 XXXII

183 1633 278 1671 Non
307 1646 399 1671 amo
429 1641 476 1680 te,
510 1633 655 1680 Sabidi,
689 1648 762 1672 nec
792 1647 953 1684 possum
984 1636 1114 1674 dicere
1145 1650 1288 1686 quare:

237 1699 313 1736 hoc
344 1706 497 1737 tantum
529 1712 691 1749 possum
722 1699 865 1748 d1cere‚
898 1714 977 1739 non
1007 1715 1099 1740 arno
1129 1710 1177 1740 te.

645 1817 832 1854 XXXIII

182 1894 384 1933 Amissum
415 1909 495 1934 non
526 1898 593 1935 flet
622 1910 713 1935 cum
745 1899 828 1936 sola
858 1906 915 1936 est
946 1899 1074 1937 Gellia
1103 1907 1266 1950 patrem,

235 1960 265 1998 si
296 1960 383 2010 quis
412 1962 524 2000 adest
554 1961 681 2001 iussae
711 1963 918 2013 prosiliunt
948 1964 1141 2003 lacrimae.

122 2010 126 2012 v
180 2038 260 2063 non
291 2027 397 2075 luget
426 2026 604 2077 quisquis
634 2028 795 2076 laudari,
829 2028 966 2076 Gellia,
999 2030 1160 2079 quaerit,

233 2092 296 2129 ille
325 2093 434 2130 dolet
463 2106 551 2131 vere
581 2093 648 2143 qui
678 2093 762 2132 sine
791 2102 890 2132 teste
920 2095 1038 2133 dolet.

223 2195 344 2226 XXIX
368 2195 439 2227 hab.
466 2195 496 2226 T
622 2208 641 2235 4
665 2197 729 2228 hoc
747 2208 813 2229 om.
840 2198 886 2228 T:
911 2198 993 2229 haec
1012 2198 1086 2229 Ital.
1107 2211 1113 2229 :
1138 2209 1179 2228 en
1198 2198 1415 2230 Sclnzezkr'cwin

223 2239 325 2269 XXX
351 2249 369 2268 2
394 2250 460 2278 quo
477 2239 555 2270 BA:
579 2241 667 2279 quod
689 2241 738 2271 CA

222 2282 342 2313 XXXI
369 2293 418 2314 vv.
439 2283 588 2315 1—2l1c1b.
614 2284 649 2315 T.
743 2284 863 2314 XXXI
888 2295 965 2315 cum
983 2285 1085 2315 XXX
1104 2286 1195 2324 confl.
1216 2286 1272 2316 BA

222 2326 359 2356 XXXII
385 2326 457 2357 hab.
478 2325 511 2355 R

221 2369 377 2400 XXXIII
402 2370 475 2400 hab.
490 2370 523 2399 R
593 2380 620 2410 1⁷
635 2380 654 2410 3
679 2371 778 2410 gallia
793 2371 826 2401 R
845 2373 936 2410 (cum
957 2371 1023 2401 VX
1036 2373 1125 2414 aliis)
1197 2383 1216 2412 3
1241 2373 1350 2414 luget]
1369 2373 1445 2403 licet
1462 2372 1510 2402 (A

1382 2444 1420 2475 ⁴2*
