1684 2763
215 149 270 185 M.
302 149 424 186 VAL.
458 149 769 186 MARTIALIS

695 262 829 298 LXIV

213 341 365 380 Sirenas
395 341 556 380 hilarem
586 341 852 392 navigantium
882 355 1052 392 poenam

213 407 456 456 blandasque
485 414 629 444 mortes
657 406 925 456 gaudiumque
953 408 1122 454 crudele,

212 483 308 520 quas
338 484 456 508 nemo
485 472 686 520 quondam
717 471 922 510 deserebat
949 471 1113 518 auditas,

212 536 325 573 fallax
354 535 486 574 Vlixes
516 536 657 574 dicitur
685 536 897 586 reliquisse.

213 601 304 637 Non
336 599 474 638 miror:
514 600 620 647 illud,
654 600 852 647 Cassiane,
883 600 1054 648 mirarer,
1519 620 1535 649 5

211 664 241 701 si
272 665 512 702 fabulantem
543 665 712 704 Canium
741 664 971 714 reliquisset.

711 798 822 834 LXV

211 879 331 926 Quod
362 877 479 926 spirat
509 885 641 915 tenera
670 879 816 915 malurn
847 879 1052 916 mordente
1081 880 1220 928 puella,

263 942 371 991 quod
400 942 450 979 de
481 941 648 991 Corycio
677 955 778 991 quae
808 941 913 980 venit
941 956 1034 980 aura
1063 956 1204 990 croco3

210 1006 321 1045 vinea
351 1008 458 1056 quod
488 1006 620 1056 primis
650 1021 740 1045 cum
770 1008 881 1045 floret
910 1021 1008 1045 cana
1037 1008 1213 1054 racemis,

262 1071 437 1121 gramina
466 1073 574 1120 quod
605 1073 793 1118 redolent,
826 1086 926 1121 quae
957 1073 1077 1110 modo
1108 1073 1250 1122 carpsit
1280 1072 1391 1120 ovis3

209 1138 317 1186 quod
347 1144 505 1185 myrtUS,
537 1138 645 1186 quod
676 1150 824 1174 messor
853 1137 990 1183 Arabs,
1023 1139 1131 1186 quod
1162 1137 1297 1175 sucina
1326 1138 1423 1184 trita,
1516 1155 1533 1183 5

263 1201 431 1251 pallidus
462 1203 548 1239 Eoo
579 1208 662 1239 ture
691 1203 799 1251 quod
830 1201 928 1251 ignis
957 1204 1061 1249 olet;

208 1267 321 1314 gleba
350 1267 457 1314 quod
487 1265 634 1303 aestivo
663 1265 797 1304 leviter
826 1279 914 1304 cum
946 1266 1135 1316 spargitur
1164 1266 1299 1314 imbre,

263 1331 369 1380 quod
400 1330 578 1368 madidas
608 1331 732 1369 nardo
762 1344 874 1379 passa
903 1344 1049 1369 corona
1078 1344 1238 1369 comas:

209 1396 284 1432 hoc
314 1402 390 1441 tua,
423 1409 537 1433 saeve
566 1409 662 1445 puer
693 1395 954 1441 Diadumene,
988 1395 1095 1433 basia
1125 1397 1302 1446 fragrant.

262 1459 356 1508 quid
387 1459 416 1497 si
448 1467 528 1498 tota
557 1461 669 1499 dares
699 1459 763 1497 illa
792 1460 875 1498 sine
904 1460 1080 1498 invidia?
1495 1477 1534 1498 10

690 1593 821 1629 LXVI

210 1675 281 1710 l'ar
310 1674 436 1710 scelus
465 1673 623 1711 admisit
654 1673 802 1710 Phariis
833 1672 1030 1711 Antonius
1059 1673 1198 1711 armis:

260 1737 427 1775 abscidit
456 1739 584 1775 voltus
614 1737 718 1775 ensis
748 1746 911 1787 uterque
941 1751 1081 1775 sacros.

208 1802 313 1847 illud,
346 1801 555 1850 laurigeros
584 1815 716 1851 ageres
745 1815 835 1839 cum
866 1803 966 1839 laeta
995 1801 1225 1850 triumphos,

261 1867 336 1903 hoc
366 1865 447 1912 tibi,
480 1867 621 1912 Roma,
653 1874 780 1915 caput,
813 1879 902 1903 cum
932 1866 1156 1915 loquereris,
1188 1873 1278 1903 erat.

208 1930 355 1968 Antoni
386 1938 516 1968 tamen
547 1938 604 1968 est
634 1930 742 1979 peior
771 1944 888 1980 quarn
920 1943 1057 1968 caussa
1086 1930 1268 1968 Pothini:
1513 1947 1530 1975 ,ς

260 1994 324 2032 hic
353 1994 502 2032 facinus
532 1995 696 2033 domino
726 1994 925 2044 praestitit,
959 1995 1022 2032 ille
1051 1994 1136 2032 sibi.

251 2097 363 2126 LXIV
385 2097 461 2128 lml).
487 2097 516 2127 T
601 2107 614 2127 1
642 2108 763 2137 ponam
782 2098 829 2128 CA
846 2098 921 2138 (pro
937 2101 1096 2138 poenam)
1230 2109 1248 2128 2
1273 2099 1443 2129 crudelem
1463 2099 1508 2129 CA

252 2140 343 2170 LXV
366 2140 442 2171 hab.
464 2141 492 2171 T
623 2150 635 2170 1
662 2142 782 2182 spirat]
801 2148 870 2172 srat
889 2142 918 2172 T
959 2147 1024 2172 ten.
1047 2142 1121 2172 maj.
1140 2142 1271 2172 AACA:
1295 2143 1375 2173 mal.
1392 2148 1459 2173 ten.
1477 2143 1531 2173 ΒΑ

206 2194 224 2212 2
249 2194 333 2222 quae
356 2183 465 2224 uenit]
490 2185 645 2223 peruenit
662 2185 720 2214 ΑΑ
851 2195 871 2223 3
895 2195 970 2215 cum
992 2186 1088 2216 floret
1106 2185 1241 2216 ΑΑΒΑε
1269 2186 1364 2215 floret
1384 2196 1459 2215 cum
1481 2187 1530 2216 CA

206 2238 224 2263 4
251 2227 325 2256 uuis
343 2227 389 2256 (A
521 2237 540 2265 5
565 2238 664 2266 araps
680 2228 741 2257 ΑΑ
874 2239 890 2266 7
912 2229 991 2267 quid
1011 2229 1059 2258 CA
1140 2229 1279 2258 imbrem
1296 2228 1372 2258 BA:
1397 2229 1463 2259 imo
1482 2230 1530 2259 CA

206 2271 226 2298 8
249 2270 327 2309 quid
343 2269 389 2300 CA
435 2271 538 2300 nardo
556 2281 653 2309 passa
666 2272 725 2301 AA
742 2282 749 2301 :
769 2272 873 2301 nardo
890 2281 1007 2310 sparsa
1017 2272 1072 2301 BA
1086 2283 1092 2301 :
1114 2272 1235 2301 nardos
1248 2277 1343 2310 parta
1358 2272 1404 2302 CA
1419 2276 1454 2301 ut
1466 2273 1529 2303 vid.

208 2313 278 2351 (sed
291 2314 395 2343 nardo
412 2318 507 2352 parta
519 2313 629 2351 XBC)
745 2324 783 2345 10
807 2316 895 2353 quod
918 2315 947 2345 T
960 2316 1088 2354 (etsort.
1108 2315 1182 2354 ΑΛ)
1201 2314 1264 2353 LQ
1283 2315 1405 2355 (etsorl
1429 2315 1497 2355 BA)

250 2356 358 2386 LXVI
388 2367 400 2386 1
429 2357 560 2387 Phariis
576 2357 649 2388 Ital.
667 2369 673 2387 :
706 2357 799 2388 sartis
817 2359 911 2398 t-tus)
930 2358 985 2388 BA
1004 2360 1030 2398 (t
1040 2363 1102 2398 pro
1119 2358 1144 2398 i)
1161 2370 1168 2389 ε
1195 2359 1310 2397 paruis
1328 2358 1375 2388 CA
1510 2369 1529 2397 5

206 2409 242 2430 es
258 2399 310 2429 BA
