1684 2763
417 532 484 578 M.
534 530 693 578 VAL.
744 529 1157 577 MARTIALIS

480 648 1089 696 EPIGRAMMATON

659 766 831 802 LIBER
868 766 906 802 X

774 865 792 901 I

118 936 159 972 Sr
191 933 334 971 nimius
364 933 500 972 videor
529 947 692 983 seraque
722 933 910 972 coronide
940 935 1081 983 longus

171 1012 256 1037 esse
285 998 394 1046 liber,
425 998 544 1049 legito
573 1012 724 1048 pauca:
764 998 919 1037 libellus
948 1011 1025 1037 ero.

116 1072 252 1114 terque
281 1071 497 1114 quaterque
526 1063 623 1101 mihi
653 1063 785 1102 finitur
814 1064 988 1102 carmine
1016 1076 1136 1113 parvo

170 1129 334 1180 pagina:
372 1130 433 1167 fac
462 1128 533 1167 tibi
562 1142 626 1167 me
655 1142 775 1179 quam
805 1128 916 1180 cupis
946 1128 1029 1180 ipse
1058 1129 1229 1167 brevem.

760 1229 802 1266 II

117 1299 315 1338 Festinata
343 1299 459 1349 prior,
489 1298 633 1337 decimi
663 1298 759 1336 mihi
790 1312 882 1337 cura
910 1298 1031 1337 libelli

168 1367 345 1415 elapsum
374 1364 557 1403 manibus
587 1377 694 1402 nunc
723 1363 919 1402 revocavit
948 1377 1058 1414 opus.

116 1437 209 1468 nota
236 1432 341 1480 leges
371 1431 566 1480 quaedam
597 1430 667 1467 sed
697 1429 790 1467 lima
819 1442 904 1467 rasa
938 1428 1083 1467 recenti
1099 1443 1109 1476 3

167 1508 255 1545 pars
285 1509 388 1533 nova
417 1494 540 1533 maior
569 1493 663 1532 erit:
702 1495 835 1541 lector,
867 1493 1023 1543 utrique
1053 1494 1150 1540 fave,

114 1562 245 1607 lector,
278 1573 373 1610 opes
403 1567 582 1597 nostrae:
621 1572 740 1609 quern
771 1572 861 1597 cum
893 1558 989 1597 mihi
1020 1560 1151 1597 Roma
1179 1556 1367 1605 dedisset,
1428 1575 1445 1605 5

159 1625 260 1662 ·‘Nil
290 1624 361 1663 tibi
391 1626 499 1674 quod
529 1625 669 1663 demus
699 1624 824 1662 maius
854 1624 1068 1662 habemus'
1097 1622 1161 1661 ait.

115 1689 243 1739 ‘pigra
272 1703 341 1739 per
368 1691 475 1727 hunc
504 1689 628 1739 fugies
656 1689 829 1739 ingratae
858 1688 1021 1726 flumina
1051 1689 1197 1727 Lethes

165 1762 203 1793 et
232 1754 393 1793 meliore
421 1753 478 1792 tui
507 1761 616 1804 parte
645 1761 841 1803 superstes
870 1753 954 1792 eris.

111 1832 305 1857 marmora
334 1820 545 1857 Messallae
573 1818 687 1857 findit
716 1818 921 1868 caprificus
952 1825 989 1857 et
1018 1818 1147 1856 audax

163 1883 349 1922 dimidios
379 1883 507 1933 Crispi
535 1883 658 1922 mulio
687 1883 786 1922 ridet
815 1896 963 1933 equos:
1404 1898 1443 1920 10

110 1955 148 1986 at
177 1948 320 1987 chartis
350 1962 423 1987 nec
453 1950 554 1986 furta
582 1955 728 1986 nocent
757 1955 797 1986 et
825 1949 982 1987 saecula
1010 1954 1184 1997 prosunt,

165 2015 326 2063 solaque
355 2026 436 2051 non
466 2021 611 2052 norunt
640 2014 739 2052 haec
768 2020 1027 2052 monumenta
1056 2012 1180 2051 mori.’

741 2101 808 2139 III

110 2171 421 2208 Vernaculorum
451 2169 566 2217 dicta,
599 2170 803 2209 sordidum
832 2172 1006 2217 dentem,

110 2242 148 2273 et
176 2235 294 2273 foeda
320 2234 476 2284 linguae
505 2235 648 2285 probra
676 2235 938 2283 circulatricis,

156 2333 169 2363 1
194 2342 213 2362 2
236 2331 325 2362 lecto
345 2330 393 2360 CA
524 2344 543 2372 4
567 2333 654 2364 facta
671 2334 728 2364 tibi
748 2333 796 2364 CA
885 2334 960 2374 ipse
975 2333 1053 2364 BA:
1077 2343 1154 2364 esse
1172 2333 1222 2364 CA

155 2376 186 2406 11
211 2386 261 2406 vv.
277 2384 362 2415 9—12
378 2376 451 2407 hab.
476 2375 512 2417 T,
526 2387 556 2407 v.
579 2387 615 2407 11
634 2377 706 2408 hab.
726 2376 760 2407 R
950 2388 970 2416 4
994 2377 1118 2417 ubique
1133 2376 1190 2407 BA
1206 2387 1214 2408 τ
1237 2376 1371 2416 utrique
1390 2376 1439 2407 CA

112 2429 128 2458 7
152 2419 289 2458 fugiens
309 2418 357 2450 CA
492 2429 527 2449 11
554 2424 625 2452 ets.
643 2421 701 2451 ΑΛ
721 2432 728 2451 :
752 2430 815 2451 nec
832 2430 859 2452 s.
875 2419 985 2451 BACA

1287 2462 1350 2493 18*
