1684 2763
530 158 710 196 INDEX
750 159 1221 198 EPIGRAMMATON

275 268 460 307 Ingenuam
478 268 578 307 malo,
595 269 655 299 sed
673 268 700 299 si
718 273 830 300 tamen
848 268 905 300 illa
922 274 1068 308 negetur
1112 269 1175 307 ΙΙΙ,
1192 279 1245 308 33.

273 312 470 350 Ingrediare
486 313 575 342 viam
593 312 686 343 caelo
703 312 782 343 licet
799 323 905 351 usque
922 323 1044 343 sereno
1090 313 1182 351 XIV,
1203 323 1274 351 130.

273 355 417 394 Inguina
432 356 624 386 succinctus
641 355 737 395 nigra
754 355 811 386 tibi
829 367 945 387 servos
961 357 1053 387 aluta
1096 356 1171 396 VII,
1191 366 1243 395 35.

275 399 419 438 Inguine
437 400 581 438 torquati
599 400 732 430 tardant
749 399 977 438 hebetantque
994 400 1141 439 palumbi
1188 398 1283 439 XIII,
1303 400 1354 437 67.

274 442 449 482 Inscripsit
467 443 603 473 tumulis
617 447 750 482 septem
766 444 931 473 scelerata
946 444 1094 473 virorum
1141 443 1202 481 IX,
1225 453 1275 482 15.

274 485 479 525 Insequeris,
496 486 608 524 sugi03
633 486 732 524 fugis,
748 487 926 525 insequor;
951 487 1034 517 haec
1051 486 1130 516 mihi
1147 496 1242 516 mens
1259 490 1310 516 est
1360 485 1399 524 V,
1418 486 1459 524 83

274 529 406 560 Inserta
423 529 556 568 phialae
575 529 740 559 Mentoris
758 540 855 559 manu
872 530 972 560 ducta
1018 529 1078 565 ΙΙΙ,
1099 541 1152 568 40.

275 572 518 603 Insidiosorum
537 573 565 603 si
583 572 671 602 ludis
688 573 774 603 bella
791 573 958 603 latronum
1004 572 1096 604 XIV.
1120 574 1166 603 18.

274 616 428 655 Instanti⁷
448 626 513 654 quo
532 626 594 646 nec
610 616 775 646 sincerior
791 615 877 646 alter
892 616 1037 646 habetur
1081 615 1175 653 VIII,
1195 626 1245 654 73.

274 659 422 690 Intactas
437 669 540 698 quare
557 659 661 689 mittis
678 659 770 697 mihi,
788 659 890 696 Polla,
910 661 1073 690 coronas?
1121 659 1249 697 X1,89.

273 702 368 733 Inter
383 713 463 733 aves
480 703 607 740 turdus,
627 703 653 732 si
671 703 750 741 quid
768 713 820 732 me
838 702 947 733 iudice
964 708 1091 733 certum
1110 708 1162 733 est
1207 702 1302 741 XIII,
1322 712 1375 741 92.

273 746 367 776 Inter
383 745 571 776 Caesareae
586 746 778 776 discrimina
794 755 895 775 saeva
913 746 1045 776 Dianae
1089 746 1146 786 Ep.
1168 755 1217 777 12.

273 789 366 820 Inter
380 799 519 828 sapores
536 788 642 819 fertur
659 789 772 819 alitum
790 790 916 828 primus
954 789 1050 828 XIII,
1069 790 1121 822 61.

272 833 367 863 Inter
383 837 477 863 tanta
493 838 570 863 tuae
588 833 760 871 miracula,
780 832 916 865 Caesar.
932 833 1082 863 harenae
1127 832 1187 872 IX,
1207 833 1260 871 83.

272 876 468 916 Interponis
483 886 601 915 aquam
619 876 772 914 subinde,
793 876 882 906 Rufe
928 876 953 915 I,
977 878 1048 907 106.

273 920 411 951 Intrasti
428 920 587 959 quotiens
604 920 786 959 inscriptae
803 920 919 950 limina
936 919 1041 950 cellae
1088 919 1148 958 XI,
1167 929 1219 959 45.

273 963 384 994 Intres
400 964 510 1002 ampla
527 963 606 994 licet
623 964 707 993 torvi
727 964 821 1002 lepus
837 973 895 994 ora
912 963 1022 993 leonis
1068 962 1093 997 Ι,
1113 964 1164 993 60.

273 1006 400 1038 Invasit
420 1007 539 1037 medici
560 1007 684 1037 Nasica
701 1007 919 1046 phreneticus
934 1007 1029 1037 Eucti
1076 1006 1137 1045 XI,
1157 1007 1210 1037 28.

273 1050 366 1081 Invia
383 1051 580 1081 Sarmaticis
597 1050 721 1080 domini
740 1051 840 1080 lorica
858 1050 990 1089 sagittis
1034 1049 1110 1089 VII,
1131 1061 1161 1083 2.

271 1094 405 1125 invisae
423 1094 560 1124 nimium
578 1094 692 1133 pueris
708 1099 890 1133 grataeque
908 1094 1076 1132 magistris
1132 1093 1223 1124 XIV.
1243 1093 1296 1123 80.

272 1138 400 1168 Invitas
414 1138 456 1167 ad
475 1147 603 1176 aprum,
622 1138 721 1176 ponis
738 1138 829 1175 mihi,
846 1137 989 1175 Gallice,
1008 1147 1147 1176 porcum
1193 1135 1286 1175 VIII,
1305 1146 1357 1167 22.

270 1181 398 1211 Invitas
414 1186 548 1211 centum
565 1181 807 1219 quadrantibus
823 1185 856 1210 et
873 1181 961 1211 bene
979 1190 1081 1211 cenas
1126 1179 1180 1218 IV,
1198 1180 1249 1210 68.

271 1225 398 1255 Invitas
417 1225 542 1254 nullum
559 1224 623 1254 nisi
641 1234 714 1254 cum
731 1235 808 1263 quo,
828 1224 938 1262 Cotta,
959 1224 1079 1254 lavaris
1126 1223 1150 1261 I,
1171 1233 1224 1261 23.

271 1268 398 1299 Invitas
415 1274 494 1298 tanc
511 1278 563 1297 me
579 1278 653 1297 cnm
671 1268 746 1301 scis.
768 1268 901 1304 Nasica,
917 1277 1059 1297 vocasse
1105 1265 1148 1304 ΙΙ,
1169 1276 1218 1304 79.

274 1312 419 1342 Invitum
436 1321 560 1341 cenare
577 1311 657 1341 foris
673 1316 716 1349 te,
735 1311 894 1348 Classice,
916 1311 998 1340 dicis
1045 1309 1088 1348 ΙΙ,
1108 1311 1160 1349 69.

273 1355 426 1394 Ipsarum
445 1355 610 1385 tribadum
628 1354 742 1393 tribas,
763 1354 916 1384 Philaeni
962 1353 1037 1391 VII,
1060 1364 1110 1391 70.

274 1398 377 1429 Irasci
396 1403 514 1428 nostro
531 1408 597 1427 non
613 1398 728 1436 debes,
748 1398 861 1435 cerdo,
880 1397 993 1427 libello
1040 1396 1101 1436 ΙΙΙ,
1120 1407 1172 1436 99.

274 1442 377 1472 Irasci
395 1446 523 1472 tantum
543 1442 658 1471 felices
676 1441 782 1471 nostis
799 1441 895 1471 amici
943 1440 1004 1478 111,
1024 1450 1076 1479 37.

274 1486 383 1516 Iratus
400 1490 566 1523 tamquam
585 1485 724 1523 populo,
744 1484 957 1522 Charideme,
978 1484 1099 1515 lavaris
1145 1483 1202 1519 VI,
1221 1483 1272 1513 81.

274 1529 307 1559 Is
323 1529 402 1559 mihi
421 1529 547 1558 candor
564 1529 661 1566 inest,
681 1528 831 1558 villorum
851 1529 956 1566 gratia
974 1532 1065 1558 tanta
1111 1527 1202 1565 XIV,
1226 1536 1294 1565 145.

274 1572 345 1602 Issa
363 1578 413 1603 cst
431 1582 569 1611 passere
587 1572 731 1611 nequior
747 1572 869 1602 Catulli
916 1571 940 1609 I,
965 1581 1034 1609 109.

274 1616 341 1646 Iste
358 1616 436 1646 licet
453 1616 576 1653 digitos
593 1615 765 1646 testudine
784 1621 910 1654 pungat
927 1619 1024 1645 acuta
1071 1613 1166 1646 XIII.
1186 1615 1236 1644 86.

274 1659 342 1690 Iste
362 1660 421 1690 tibi
439 1659 539 1689 saciet
556 1659 644 1689 bona
663 1659 854 1689 Saturnalia
871 1668 993 1697 porcus
1038 1657 1129 1695 XIV,
1151 1668 1200 1696 71.

273 1702 324 1733 Ite
342 1703 468 1742 procul,
489 1703 650 1733 iuvenes:
675 1703 765 1732 mitis
782 1703 859 1732 mihi
879 1702 1037 1732 convenit
1054 1706 1147 1731 aetas
1193 1699 1284 1730 XIV.
1305 1710 1355 1738 47.

273 1746 344 1777 Itur
361 1747 402 1776 ad
422 1746 582 1776 Herculei
599 1746 727 1784 gelidas
743 1756 808 1784 qna
824 1745 958 1775 Tiburis
973 1755 1070 1775 arces
1112 1744 1137 1782 Ι,
1160 1754 1207 1773 12.

274 1789 394 1828 Iugera
410 1794 576 1819 mercatus
593 1800 700 1828 prope
717 1789 814 1819 busta
832 1789 968 1819 latentis
984 1788 1084 1827 agelli
1131 1787 1209 1825 XII,
1232 1798 1280 1826 72.

274 1833 335 1863 Iuli
354 1833 468 1871 iugera
485 1842 589 1871 pauca
608 1832 772 1862 Martialis
819 1831 875 1869 IV,
895 1833 947 1870 64.

272 1876 356 1907 Iulia
373 1877 427 1906 lex
447 1876 578 1914 populis
595 1886 638 1906 ex
655 1886 731 1914 quo,
753 1875 925 1912 Faustine,
946 1879 1061 1904 renata
1078 1878 1129 1904 est
1172 1873 1232 1912 VI,
1250 1885 1278 1913 7.

274 1920 423 1950 Iunctam
444 1919 633 1957 Pasiphaen
654 1919 793 1948 Dictaeo
810 1919 939 1948 credite
957 1922 1052 1948 tauro
1098 1917 1158 1956 Ep.
1175 1927 1206 1956 5.

271 1963 417 2002 Iungere
435 1963 571 1992 nescisti
588 1962 696 2000 nobis,
713 1972 732 1991 o
749 1962 860 1994 stulte.
878 1962 1029 1991 lacernas
1074 1960 1165 1997 XIV,
1188 1971 1259 2000 140.

273 2007 357 2037 Iuno
376 2007 479 2042 labor,
499 2005 675 2044 Polyclite,
694 2010 770 2035 tuus
787 2011 819 2035 et
835 2004 940 2043 gloria
956 2004 1037 2034 felix
1082 2003 1124 2043 X,
1144 2005 1196 2044 89.

274 2050 427 2089 Iuppiter
445 2049 535 2078 Idaei
554 2049 625 2079 risit
643 2049 816 2078 mendacia
834 2048 921 2078 busti
967 2047 1027 2086 IX,
1046 2057 1098 2086 34.

273 2093 350 2124 Iura
368 2094 465 2123 trium
484 2093 579 2131 petiit
596 2103 615 2122 a
632 2092 777 2122 Caesare
794 2091 1032 2130 discipulorum
1080 2091 1122 2130 X,
1143 2093 1195 2121 60.

273 2136 363 2166 Iurat
381 2136 520 2174 capillos
536 2145 621 2174 esse,
641 2146 726 2174 quos
744 2136 835 2173 emit,
855 2145 937 2165 suos
982 2134 1038 2171 Vl,
1061 2144 1108 2165 12.

274 2179 350 2210 Iure
368 2185 425 2210 tuo
444 2179 571 2209 nostris
584 2188 721 2209 maneas
737 2179 825 2216 licet,
844 2179 980 2217 hospes.
1000 2179 1034 2208 in
1051 2177 1160 2208 hortis
1201 2176 1241 2215 V,
1261 2177 1315 2208 62.

273 2223 362 2253 Iuris
379 2229 412 2253 et
429 2232 610 2261 aequarum
627 2222 735 2252 cultor
751 2222 961 2252 sanctissime
978 2221 1089 2259 legum
1135 2220 1178 2260 X,
1197 2230 1249 2259 37.

274 2266 331 2296 Ius
347 2266 405 2296 tibi
424 2272 576 2296 natorum
594 2266 646 2296 vel
664 2271 805 2304 septem,
825 2265 929 2303 Zoile‚
943 2266 1039 2295 detur
1084 2263 1144 2303 XI,
1168 2274 1215 2294 12.

275 2332 372 2362 Κοινὰ
387 2331 489 2371 φίλων
507 2332 590 2362 haec
607 2336 695 2370 sunt,
715 2331 798 2361 haec
816 2337 895 2362 sunt
912 2336 979 2367 tua,
999 2330 1163 2369 Candide,
1182 2328 1271 2360 κοινά
1309 2328 1353 2368 ΙΙ,
1371 2339 1425 2369 43.

274 2398 376 2429 Lacte
393 2407 487 2428 mero
504 2403 632 2437 pastum
651 2398 767 2437 pigrae
785 2397 864 2428 mihi
884 2397 999 2427 matris
1015 2397 1187 2427 alumnum
1232 2394 1329 2434 XIII,
1349 2405 1401 2433 41.

273 2442 431 2473 Laeserat
447 2442 575 2481 ingrato
593 2441 646 2472 leo
664 2441 812 2481 perfidus
828 2451 886 2472 ore
903 2441 1098 2480 magistrum
1142 2440 1204 2480 Ep.
1229 2449 1279 2471 10.
