1684 2763
776 130 1245 171 EPIGRAMMATON
1278 133 1381 170 LIB.

117 252 191 278 nec
221 239 322 278 bene
352 238 524 278 cenasti:
567 240 709 277 mullus
739 239 809 277 tibi
840 247 1026 289 quattuor
1055 248 1210 291 emptus

170 305 354 343 librarum
385 318 508 343 cenae
539 317 687 354 pompa
716 311 914 354 caputque
944 305 1026 343 fuit.

115 371 331 408 exclamare
360 369 478 408 libet:
521 371 636 408 ‘Non
667 376 725 408 est
755 370 830 417 bic,
862 370 1040 420 inprobe,
1072 384 1152 408 non
1183 378 1241 409 est

169 434 309 485 piscis:
348 436 470 473 homo
500 442 582 483 est;
621 434 837 482 hominem,
870 435 1106 483 Calliodore,
1139 437 1297 474 comes.’

571 536 735 573 XXXII

117 617 230 654 Haec
260 616 357 654 mihi
386 630 487 666 quae
517 616 657 654 colitur
686 616 797 655 violis
827 617 978 667 pictura
1008 616 1195 668 rosisque,

169 694 268 731 quos
298 683 436 720 referat
465 683 605 729 voltus,
638 681 888 729 Cacdiciane,
921 684 1062 732 rogas?

117 746 200 785 talis
231 754 311 785 erat
342 748 500 785 Marcus
532 746 672 785 mediis
702 747 901 785 Antonius
931 747 1044 785 annis

169 811 348 849 Primus:
380 812 419 849 in
449 813 527 850 hoc
556 811 739 851 iuvenem
771 826 811 851 se
841 812 948 851 videt
977 826 1044 851 ore
1074 826 1204 851 senex.

116 879 188 914 Ars
218 876 367 914 utinam
398 890 526 915 mores
555 877 813 927 animumque
843 879 1026 927 effingere
1056 881 1212 928 posset!

169 941 367 990 pulchrior
396 942 435 979 in
466 942 574 980 terris
604 944 711 980 nulla
742 943 885 981 tabella
914 944 1025 982 foret.

557 1042 746 1079 XXXIII

116 1116 337 1166 Simplicior
366 1116 512 1166 priscis,
549 1117 704 1155 Munati
736 1118 858 1164 Galle,
892 1117 1057 1164 Sabinis,

169 1181 406 1232 Cecropium
437 1195 596 1232 superas
626 1182 693 1232 qui
724 1182 901 1221 bonitate
930 1196 1078 1229 senem,

114 1248 169 1286 sic
198 1247 270 1286 tibi
300 1247 503 1286 consoceri
533 1249 657 1286 claros
687 1248 852 1287 retinere
881 1256 1044 1298 penates

168 1320 356 1363 perpetua
385 1320 499 1351 natae
528 1314 595 1352 det
624 1314 709 1352 face
739 1321 846 1352 casta
874 1316 1038 1352 Venus:

115 1386 156 1416 ut
185 1385 238 1425 tu,
270 1378 301 1416 si
330 1377 442 1416 viridi
473 1377 616 1417 tinctos
648 1378 832 1428 aerugine
861 1392 994 1416 versus

167 1445 265 1482 forte
296 1444 420 1481 malus
449 1443 547 1481 livor
575 1443 713 1481 dixerit
742 1457 827 1481 esse
857 1456 979 1490 meos,

114 1516 156 1546 ut
184 1508 290 1555 facis,
322 1522 344 1546 a
374 1508 489 1546 nobis
518 1507 662 1558 abigas,
695 1522 769 1546 nec
799 1507 968 1546 scribere
998 1521 1239 1558 quemquam

168 1573 259 1611 talia
288 1574 506 1611 contendas
537 1573 711 1611 carmina
739 1573 807 1622 qui
836 1573 985 1623 legitur.

117 1641 238 1676 Hunc
268 1651 419 1676 servare
448 1640 613 1677 modum
644 1638 766 1677 nostri
796 1652 940 1677 novere
969 1638 1106 1687 libelli,

168 1716 325 1753 parcere
354 1703 541 1753 personis,
574 1703 707 1742 dicere
737 1705 786 1742 de
816 1703 928 1742 vitiise

580 1803 761 1840 XXXIV

117 1878 167 1915 Di
197 1877 267 1917 tibi
297 1879 393 1917 dent
422 1878 628 1928 quidquid,
661 1880 806 1918 Caesar
834 1878 1013 1924 Traiane,
1047 1878 1204 1916 mereris

168 1951 206 1982 et
234 1951 316 1981 rata
344 1951 534 1993 perpetuo
564 1957 665 1994 quae
694 1944 863 1982 tribuere
892 1943 1036 1982 velint:

115 2008 181 2057 qui
211 2021 280 2046 sua
309 2008 476 2047 restituis
507 2009 675 2059 spoliato
704 2009 786 2047 iura
815 2017 982 2059 patrono

166 2073 369 2112 —libertis
399 2075 487 2112 exul
516 2087 597 2112 non
628 2074 699 2112 erit
728 2074 792 2112 ille
822 2073 968 2120 suis—,

158 2177 178 2206 6
202 2186 315 2207 comes
325 2176 437 2207 AACA
453 2188 460 2207 :
484 2187 585 2207 uoras
600 2177 654 2207 ΒΑ

158 2219 297 2250 ΧΧΧΙΙ
322 2228 341 2258 5
366 2225 482 2260 posset
496 2221 551 2250 BA
566 2232 573 2251 z
597 2221 707 2260 possis
724 2220 773 2251 CA
790 2232 797 2251 ε
821 2231 939 2260 posses
954 2220 1030 2251 Ital.

1414 134 1447 169 X

1411 1719 1448 1740 10

158 2263 313 2293 XXXIII
339 2274 358 2301 4
382 2269 581 2303 perpetuam
604 2264 660 2294 BA
762 2266 783 2294 6
805 2264 893 2294 liuor
916 2264 993 2294 BA:
1016 2263 1123 2294 lector
1148 2262 1197 2293 CA
1302 2272 1318 2300 7
1343 2262 1444 2293 facias

116 2306 164 2337 CA
253 2307 401 2336 scribere
410 2307 465 2336 BA
481 2319 488 2338 :
511 2307 683 2338 strinxere
701 2307 796 2349 (EA)
812 2307 863 2338 vel
877 2308 1044 2346 stringere
1058 2306 1123 2348 (X)
1143 2306 1192 2336 CA
1206 2305 1352 2345 (fingere
1367 2305 1412 2345 F>

157 2349 312 2380 XXXIV
338 2360 352 2380 1
379 2350 505 2380 Caesar
529 2361 593 2381 om.
624 2351 673 2381 CA
845 2361 864 2390 3
890 2351 942 2381 cui
958 2351 1051 2390 Rooy
1150 2354 1207 2380 tua
1223 2350 1371 2380 resutuis
1394 2348 1441 2378 CA

116 2392 150 2432 (u
164 2398 224 2434 pro
240 2394 278 2434 ti)
368 2393 440 2423 iura
456 2404 521 2424 om.
543 2394 592 2424 CA
