1684 2763
797 136 1263 173 EPH'zRAixfmti-YFON
1299 137 1398 173 Lm.
1436 137 1447 173 l

641 209 715 248 XC

120 271 239 319 Quod
272 284 487 320 numquam
522 271 693 309 maribus
723 271 896 309 iunctam
931 280 978 318 te,
1014 273 1144 318 Bassa,
1177 272 1361 310 videbam

173 338 362 386 quodque
392 336 461 374 tibi
494 338 704 375 moechum
736 337 868 374 fabula
897 338 1004 374 nulla
1033 337 1165 383 dabat,

120 415 238 440 omne
269 403 337 440 sed
369 402 542 440 officium
574 402 677 440 circa
708 410 745 440 te
775 415 932 452 semper
961 402 1099 440 obibat

173 467 286 504 turba
316 467 370 505 tui
402 481 526 514 sexu&
561 481 640 505 non
670 469 842 506 adeunte
873 467 965 510 viro,

119 546 204 570 esse
234 532 440 580 videbaris,
472 534 606 579 fateor,
641 533 821 571 Lucretia
858 532 999 571 nobis:

173 606 210 636 at
241 606 294 644 tu,
326 612 395 648 pro
425 598 588 645 facinus,
622 601 754 645 Bassa,
785 599 933 636 fututor
962 611 1056 636 eras.

121 664 221 702 inter
251 677 291 702 se
321 664 499 713 geminos
529 665 653 702 audes
684 664 932 703 committere
963 676 1116 702 cunnos

175 730 440 779 mentiturque
469 729 593 767 virum
626 729 849 779 prodigiosa
878 731 1025 768 Venus.

120 803 347 832 commenta
377 809 417 832 es
448 795 611 844 dignum
643 796 840 833 Thebano
870 795 1091 844 aenigmate
1123 801 1354 839 monstrum,

175 859 238 897 hic
269 860 334 897 ubi
367 860 421 897 vir
450 874 530 898 non
561 868 628 903 est,
661 868 703 898 ut
733 860 781 898 sit
809 860 1058 898 adulterium.
1421 876 1456 896 ιο

633 932 730 970 XCI

122 995 224 1031 (Tum
257 1002 322 1031 tua
353 1007 431 1031 non
463 995 568 1040 edas,
600 994 726 1043 carpis
757 1007 844 1032 mea
874 993 1058 1040 carmina,
1094 993 1209 1032 Laeli.

175 1072 333 1108 carpere
363 1060 421 1097 vel
454 1059 534 1097 noli
564 1067 697 1097 nostra
725 1060 784 1097 vel
815 1061 889 1098 ede
919 1068 995 1096 tua.

624 1131 745 1169 XCII

123 1194 247 1242 Saepe
279 1192 373 1230 milii
404 1192 578 1242 queritur
608 1206 687 1231 non
719 1192 831 1230 siccis
862 1194 1003 1231 Cestos
1033 1192 1178 1235 ocellis,

178 1258 283 1308 tangi
314 1272 354 1296 se
385 1258 521 1308 digito,
555 1258 817 1305 Mamuriane,
851 1266 931 1296 tuo.

125 1337 204 1361 non
235 1337 334 1373 opus
364 1332 421 1362 est
451 1324 597 1374 digito:
637 1332 764 1362 totum
795 1324 866 1362 tibi
896 1325 1045 1363 Ceston
1076 1323 1233 1364 habeto,

178 1389 207 1427 si
238 1391 325 1427 dest
356 1389 408 1427 nil
437 1390 556 1437 aliud,
590 1389 849 1435 Mamuriane,
883 1389 963 1427 tibi.

127 1456 195 1492 sed
227 1454 255 1492 si
287 1468 361 1493 nec
391 1456 501 1492 focus
532 1462 589 1493 est
620 1455 715 1493 nudi
747 1468 820 1492 nec
850 1455 1005 1504 sponda
1033 1453 1181 1504 grabati
1440 1468 1456 1497 5

179 1533 252 1558 nec
282 1528 414 1558 curtus
445 1519 620 1559 Chiones
651 1519 895 1569 Antiopesve
924 1518 1034 1565 calix,

127 1599 238 1624 cerea
268 1585 297 1623 si
328 1586 475 1636 pendet
505 1585 650 1623 lumbis
680 1592 717 1623 et
748 1585 890 1635 scripta
920 1586 1075 1627 lacerna

179 1650 444 1700 dimidiasque
475 1658 585 1689 nates
616 1650 767 1688 Gallica
796 1652 899 1700 peda
928 1649 1032 1699 tegit,

126 1716 294 1765 pasceris
325 1724 363 1755 et
393 1716 524 1767 nigrae
554 1718 639 1755 solo
669 1716 807 1754 nidore
836 1715 991 1753 culinae

181 1790 218 1820 et
248 1781 351 1820 bibis
381 1782 615 1820 inmundam
646 1795 737 1820 cum
768 1794 865 1819 cane
896 1794 1044 1830 pronus
1073 1792 1240 1829 aquam:
1422 1793 1460 1814 10

127 1861 206 1885 non
237 1849 381 1894 culum,
414 1862 542 1898 neque
572 1847 677 1886 enim
708 1854 766 1886 est
796 1848 919 1893 culus,
950 1845 1016 1896 qui
1049 1858 1127 1883 non
1158 1851 1268 1882 cacat
1297 1843 1403 1884 olim,

181 1914 250 1952 sed
279 1913 427 1951 fodiam
458 1913 581 1964 digito
610 1913 678 1963 qui
707 1921 882 1963 superest
913 1913 1099 1950 oculum:

128 1992 200 2016 nec
231 1991 294 2016 me
323 1980 545 2028 zelotypum
577 1992 650 2017 nec
680 1977 822 2016 dixeris
852 1991 937 2016 esse
968 1976 1194 2026 malignum.

181 2043 354 2093 denique
384 2043 533 2094 pedica,
569 2043 829 2090 Mamudane,
863 2050 978 2081 satur.

171 2147 232 2177 XC
257 2147 331 2179 hab.
356 2146 386 2177 T
516 2158 528 2177 1
556 2152 711 2177 cunctam
735 2147 769 2187 T,
793 2146 877 2177 unde
893 2147 1037 2177 cinctam
1054 2145 1190 2176 Sci-iver.
1306 2155 1324 2181 3
1350 2142 1459 2173 omnis

127 2196 160 2221 ct
179 2191 232 2220 BA
251 2193 328 2231 (pro
344 2201 463 2221 omnes
482 2196 525 2230 et,
545 2191 565 2222 τ’.
579 2202 600 2222 e.
621 2202 721 2222 omne
738 2191 805 2222 δρῶ
917 2201 936 2229 5
962 2190 1071 2220 fateor
1087 2200 1152 2219 om.
1173 2188 1202 2217 T
1286 2190 1306 2216 6
1329 2186 1462 2216 adulter

127 2235 188 2264 ΑΛ
199 2236 276 2274 (pro
288 2235 428 2274 fututor)
532 2245 546 2274 7
566 2246 603 2265 se
615 2245 680 2265 om.
698 2235 727 2265 T
782 2240 900 2274 turpes
911 2234 971 2263 ΑΛ
983 2238 1058 2274 (pro
1068 2234 1212 2267 cunnos)
1311 2241 1331 2269 9
1349 2235 1399 2260 est
1413 2229 1466 2277 (ΓΑἱ

171 2278 249 2308 XCI
275 2278 393 2309 halal?
582 2279 679 2309 XCII
704 2279 778 2310 hab.
799 2279 828 2309 T
914 2289 932 2308 2
957 2278 1067 2316 tangis
1078 2287 1114 2306 se
1135 2276 1163 2305 T
1246 2284 1266 2312 3
1291 2278 1420 2304 tantum
1438 2272 1456 2302 7

127 2332 146 2360 5
165 2332 227 2352 uec
239 2322 321 2352 nudi
332 2322 413 2352 AA:
439 2322 519 2352 nudi
535 2332 597 2352 nec
611 2322 717 2352 ΒΑΕΔ
804 2323 825 2352 6
842 2332 896 2351 —ve
909 2320 1047 2351 ΑΑΒΑε
1071 2330 1150 2358 -que
1164 2319 1212 2349 (A
1299 2318 1319 2346 8
1336 2317 1465 2363 praeda

128 2366 210 2396 Ast:
233 2366 322 2405 peda
339 2365 417 2396 BA:
441 2366 527 2404 palla
551 2366 622 2397 CA:
649 2367 749 2397 braca
770 2365 930 2396 Heinsius
1120 2373 1153 2392 11
1183 2362 1295 2402 culus]
1319 2361 1415 2390 cuius
1438 2359 1454 2386 I

133 2419 234 2439 11-12
259 2419 328 2439 non
347 2419 373 2440 c.
392 2420 422 2441 n.
438 2434 445 2440 .
468 2433 474 2439 .
493 2432 501 2440 .
522 2410 628 2448 digito
646 2409 759 2439 ΑΑΒΑ
778 2420 784 2439 :
811 2419 877 2439 non
896 2419 922 2439 e.
943 2408 1059 2447 digito,
1083 2416 1192 2445 neque
1218 2405 1309 2435 enim
1330 2409 1380 2433 est
1403 2403 1457 2440 qui

129 2463 195 2482 non
215 2463 242 2483 c.
261 2463 290 2483 ο.
311 2453 406 2483 culus
422 2454 481 2483 sed
500 2453 520 2483 s.
545 2454 593 2483 (Ἀ
708 2463 743 2491 13
769 2463 835 2482 non
852 2462 905 2481 me
924 2452 1004 2481 AA:
1029 2461 1091 2481 nec
1110 2461 1161 2479 me
1178 2447 1281 2478 EAG*
