1684 2763
509 166 690 204 INDEX
730 165 1198 204 EPIGRAMMATON

256 277 436 316 Nunquam
455 277 539 307 dicis
556 276 641 306 have
657 277 718 307 sed
735 276 859 316 reddis,
881 276 1042 315 Naevole,
1062 285 1197 316 semper
1241 274 1303 314 ΙΙΙ,
1323 286 1365 315 95

256 321 436 361 Nunquam
454 321 589 351 divitias
607 320 690 350 deos
708 321 824 358 rogavi
870 319 927 358 IV,
947 330 996 359 77.

256 366 434 404 Nunquam
453 375 504 394 me
522 374 673 403 revocas,
692 364 809 394 venias
826 373 898 393 cum
917 374 1021 402 saepe
1037 368 1178 394 vocatus
1225 361 1286 400 ΙΙΙ,
1307 373 1357 402 27.

256 409 437 448 Nunquam
455 418 492 438 se
509 417 649 438 cenasse
666 407 755 437 domi
776 407 870 437 Philo
889 407 985 445 iurat,
1006 412 1038 437 et
1057 408 1120 437 hoc
1137 413 1189 437 est
1234 405 1273 445 V,
1294 417 1345 445 47.

256 453 397 484 Nuntiat
414 458 565 482 octavam
585 451 729 481 Phariae
747 461 807 481 sua
824 451 918 481 turba
935 451 1097 481 iuvencae
1144 450 1186 487 X,
1207 451 1258 488 48.

256 497 375 535 Nuper
392 500 463 525 erat
480 495 640 526 medicus.
660 504 749 524 nunc
767 499 819 524 est
837 494 972 532 vispillo
992 494 1131 524 Diaulus
1179 493 1203 527 Ι,
1224 503 1275 532 47.

257 540 375 578 Nuper
392 539 424 569 in
442 538 596 568 Ausonia
613 538 739 567 domini
757 542 930 575 spectatus
948 538 1074 567 harena
1121 536 1212 576 XIV,
1233 547 1284 575 53.

258 583 425 622 Nympha,
447 582 510 611 mei
529 581 655 611 Stellae
672 591 758 619 quae
776 581 869 610 fonte
888 581 1072 610 domestica
1090 590 1173 619 puro
1218 579 1277 615 Vl,
1294 590 1345 618 47.

257 627 415 666 Nympha
432 625 519 656 sacri
537 625 654 663 regina
672 624 774 662 lacus,
796 624 847 654 cui
864 628 959 662 grata
978 624 1122 654 Sabinus
1169 623 1231 661 IX,
1248 624 1300 662 58.

259 670 489 710 Nympharum
509 672 605 707 pater
622 669 848 707 amniumque,
871 667 995 697 Rhene
1041 666 1085 707 X,
1105 677 1138 705 7.

257 798 287 830 O
306 799 357 829 cui
376 797 537 836 Tarpeias
553 797 645 827 licuit
662 795 861 834 contingere
878 804 1023 834 quercus
1071 793 1126 834 IV,
1146 803 1199 833 54.

258 843 288 874 O
307 843 357 873 cui
375 841 529 880 virgineo
547 842 729 870 flavescere
746 839 887 877 contigit
904 849 985 868 auro
1033 837 1093 875 IX,
1111 848 1164 877 23.

258 887 287 916 O
306 886 385 917 felix
402 886 526 923 animo,
548 885 638 923 felix,
662 882 813 921 Nigrina,
832 883 952 912 marito
1002 880 1057 922 IV,
1078 892 1128 920 75.

258 929 288 960 O
308 930 463 968 iucunda,
481 929 635 966 covinne,
655 927 800 957 solitudo
847 924 925 964 XII,
947 936 999 963 24.

258 974 288 1004 O
308 974 464 1004 Iuliarum
482 972 629 1002 dedecus
650 970 877 1000 Kalendarum
925 967 1002 1005 ΧΙΙ,
1021 979 1073 1007 32.

259 1017 288 1048 Ο
308 1017 387 1047 mihi
405 1026 557 1046 curarum
576 1015 720 1054 pretium
738 1024 805 1043 non
823 1013 890 1043 vile
908 1023 1056 1043 mearum
1102 1012 1126 1051 Ι,
1148 1013 1198 1051 76.

259 1062 288 1092 O
308 1061 387 1091 mihi
405 1065 499 1099 grata
515 1060 622 1098 quies,
640 1068 659 1088 o
676 1058 809 1092 blandav
830 1057 1048 1096 Telesphore.
1068 1067 1147 1087 cura
1192 1054 1253 1094 XI,
1273 1057 1323 1086 26.

259 1105 289 1135 O
307 1105 386 1134 mihi
406 1109 480 1142 post
498 1102 617 1140 nullos,
638 1101 713 1138 Iuli,
730 1101 948 1131 memorande
964 1100 1100 1131 sodales
1146 1099 1171 1138 Ι,
1193 1109 1242 1138 15.

259 1149 289 1179 Ο
308 1148 424 1178 molles
442 1147 498 1176 tibi
514 1146 717 1185 quindecim,
738 1145 865 1174 Calene
912 1143 953 1181 X,
973 1144 1025 1181 38.

259 1192 290 1222 O
307 1202 405 1231 quam
424 1190 566 1220 blandus
583 1199 629 1228 es,
649 1188 838 1224 Ammiane,
854 1188 951 1217 matri
998 1186 1042 1223 ΙΙ,
1060 1197 1091 1225 4.

261 1235 291 1266 O
309 1240 516 1274 temperatae
534 1233 633 1263 dulce
653 1232 805 1262 Formiae
823 1231 900 1261 litus
947 1230 989 1267 X,
1009 1240 1062 1267 30.

260 1279 392 1313 Obstat,
412 1288 487 1308 care
506 1277 654 1312 Pudens,
675 1276 798 1305 nostris
815 1285 875 1304 sua
891 1273 988 1304 turba
1006 1272 1128 1303 libellis
1174 1271 1230 1308 IV,
1250 1282 1301 1310 29.

260 1323 420 1353 Occurris
437 1330 647 1360 quocumque
664 1319 739 1349 loco
758 1318 848 1349 mihi.
870 1318 1037 1353 Postume,
1059 1316 1184 1347 clamas
1231 1314 1273 1354 ΙΙ,
1293 1317 1346 1354 67.

261 1366 421 1397 Occurris
438 1364 605 1403 quotiens,
628 1363 792 1401 Luperce,
814 1361 910 1391 nobis
958 1360 981 1395 Ι,
1003 1369 1069 1398 117.

260 1410 417 1441 Occurrit
434 1409 493 1438 tibi
511 1417 611 1437 nemo
628 1407 717 1446 quod
736 1406 879 1435 libenter
925 1403 1052 1443 111,44.

261 1453 459 1491 Octaphoro
476 1461 579 1482 sanus
597 1454 757 1490 portatur,
779 1449 889 1487 Avite,
911 1447 1085 1486 Philippus
1130 1446 1187 1485 VI,
1205 1446 1259 1484 84.

262 1497 429 1528 Octobres
446 1506 509 1535 age
526 1495 648 1524 sentiat
668 1493 844 1523 Kalendas
892 1491 935 1528 X,
953 1492 1007 1530 87.

262 1540 371 1572 Oculo
390 1539 563 1569 Philaenis
580 1547 717 1576 semper
733 1537 840 1566 altero
858 1535 968 1574 plorat
1016 1533 1070 1572 IV,
1091 1535 1146 1573 65.

262 1586 392 1615 Oderat
410 1588 488 1613 ante
506 1584 626 1612 ducum
645 1579 786 1611 famulos
804 1580 997 1617 turbamque
1014 1578 1160 1618 priorem
1207 1575 1267 1616 IX,
1289 1586 1339 1614 79.

263 1629 329 1659 Odi
348 1633 382 1658 te
399 1628 475 1666 quia
492 1626 600 1656 bellus
615 1635 662 1663 es,
684 1624 818 1655 Sabelle
864 1622 942 1657 ΧΙΙ,
963 1633 1014 1660 39.

263 1673 350 1709 ohe,
370 1672 433 1701 iam
451 1670 533 1700 satis
550 1674 614 1706 est,
632 1670 708 1707 ohe,
728 1667 839 1697 libelle
887 1666 942 1701 IV,
962 1667 1014 1703 89.

263 1716 392 1746 Omnes
409 1719 465 1744 aut
482 1713 613 1743 vetulas
631 1712 734 1742 habes
751 1711 876 1740 amicas
921 1708 1015 1744 ΨΙΙΙ,
1034 1719 1085 1747 79.

264 1760 393 1790 Omnes
411 1758 584 1787 eunuchos
601 1756 702 1786 habet
718 1754 818 1785 Almo
836 1764 897 1783 nec
914 1753 1031 1791 arrigit
1050 1753 1122 1791 ipse
1168 1751 1210 1789 X,
1230 1761 1283 1789 91.

265 1803 393 1833 Omnes
410 1800 624 1840 persequeris
640 1803 841 1838 praetorum.
862 1797 971 1835 Cotta,
991 1796 1122 1826 libellos
1169 1795 1211 1829 X,
1232 1795 1284 1825 88.

265 1847 393 1876 Omnes
410 1854 494 1883 quas
510 1843 637 1879 hahuit,
660 1842 815 1876 Fabiane,
835 1840 976 1879 Lycoris
992 1839 1115 1869 amicas
1162 1837 1217 1878 IV,
1238 1848 1288 1875 24.

264 1889 394 1919 Omnes
411 1888 545 1926 quidem
563 1886 664 1916 libelli
684 1885 758 1919 mei,
780 1885 917 1914 domine
962 1882 1054 1921 VIII,
1071 1881 1174 1922 praef.

265 1933 395 1964 Omnes
413 1931 595 1968 Sulpiciam
614 1929 727 1967 legant
744 1927 877 1967 puellae
924 1925 967 1964 X,
986 1935 1038 1964 35.

266 1976 399 2013 Omnia,
420 1975 551 2012 Castor,
572 1973 656 2003 emis
673 1984 680 2002 :
703 1972 752 2002 sic
770 1971 826 2001 fiet
843 1975 878 2000 ut
894 1970 1003 1999 omnia
1020 1969 1147 1999 vendas
1192 1967 1269 2007 VII,
1288 1968 1339 2006 98.

266 2019 388 2050 Omnia
405 2028 480 2048 cum
500 2022 589 2047 retro
605 2015 721 2056 pueris
738 2015 878 2045 obsonia
895 2014 1009 2044 trad-as
1056 2011 1116 2051 III,
1137 2022 1190 2051 23.

266 2062 389 2094 Omnia
407 2061 561 2092 femineis
578 2070 681 2099 quare
699 2059 819 2088 dilecta
837 2057 979 2087 catervis
1026 2055 1086 2093 XI,
1107 2066 1158 2094 47.

266 2107 390 2137 Omnia
407 2104 524 2135 misisti
542 2104 622 2133 mihi
642 2101 887 2137 Saturnalibus,
900 2100 1025 2130 Vmber
1068 2098 1143 2139 ΨΙΙ,
1164 2109 1215 2137 53,

266 2149 390 2181 Omnia
407 2148 576 2188 promittis
592 2157 667 2177 cum
684 2150 755 2176 tota
773 2150 872 2175 nocte
889 2144 999 2174 bibisti
1046 2141 1125 2180 XII,
1150 2152 1196 2173 12.

267 2193 389 2224 Omnia
406 2192 497 2232 quod
515 2191 635 2221 scrIbis
651 2190 753 2220 castis
769 2189 1010 2228 epigrammata
1028 2186 1140 2215 verbis
1188 2185 1249 2221 III,
1268 2186 1321 2223 69.

267 2237 392 2268 Omnia
408 2235 457 2266 vis
474 2235 571 2268 belle.
592 2233 718 2272 Matho,
740 2232 864 2263 dicere.
914 2231 975 2261 Dic
992 2229 1175 2268 aliquando
1222 2229 1264 2265 X,
1281 2228 1334 2265 46.

267 2281 388 2312 Omnis
405 2279 438 2309 in
456 2279 520 2309 hoc
538 2277 652 2317 gracili
672 2277 865 2307 Xl-:N10RVM
883 2275 981 2305 turba
998 2274 1109 2303 libello
1158 2272 1256 2303 XIII.
1274 2282 1303 2310 3.

268 2323 500 2364 Oplomachus
517 2331 606 2352 nunc
623 2331 671 2359 es,
691 2320 803 2350 fueras
819 2318 1043 2358 opthalmicus
1060 2320 1140 2346 ante
1186 2315 1279 2355 VIII,
1301 2325 1351 2353 74.

268 2369 464 2406 Oppressae
483 2366 620 2395 nimium
637 2364 747 2394 vicina
763 2368 814 2393 est
830 2362 931 2392 fascia
950 2361 1106 2400 plumae?
1154 2359 1245 2398 XIV,
1269 2368 1339 2397 159.

269 2412 381 2442 Orbus
398 2420 435 2440 es
453 2414 485 2439 et
502 2408 655 2448 locuples
671 2412 704 2438 et
723 2407 829 2437 Bruto
847 2405 986 2436 consule
1004 2409 1103 2434 natus
1151 2402 1213 2440 XI,
1230 2413 1282 2441 44.

269 2455 407 2494 Orphea
423 2453 512 2492 quod
529 2452 638 2483 subito
655 2451 755 2482 tellus
771 2449 882 2481 emisit
900 2449 993 2479 hiatu
1038 2447 1099 2488 Ep.
1119 2457 1171 2486 21,
1188 2447 1219 2477 b.
