<?xml version="1.0" encoding="UTF-8"?>
<!DOCTYPE html PUBLIC "-//W3C//DTD XHTML 1.0 Transitional//EN"
    "http://www.w3.org/TR/xhtml1/DTD/xhtml1-transitional.dtd">
<html xmlns="http://www.w3.org/1999/xhtml" xml:lang="en" lang="en">
 <head>
  <title>
</title>
<meta http-equiv="Content-Type" content="text/html;charset=utf-8" />
  <meta name='ocr-system' content='tesseract 3.04.00' />
  <meta name='ocr-capabilities' content='ocr_page ocr_carea ocr_par ocr_line ocrx_word'/>
</head>
<body>
  <div class='ocr_page' id='page_1' title='image "./epigrammatarecog00martuoft/epigrammatarecog00martuoft_0115.png"; bbox 0 0 1684 2763; ppageno 0'>
   <div class='ocr_carea' id='block_1_1' title="bbox 670 145 1455 295">
    <p class='ocr_par' dir='ltr' id='par_1_1' title="bbox 670 145 1455 295">
     <span class='ocr_line' id='line_1_1' title="bbox 754 145 1455 184; baseline -0.001 0"><span class='ocrx_word' id='word_1_1' title='bbox 754 145 1222 184; x_wconf 86' lang='lat' dir='ltr'>EPIGRAMMATON</span> <span class='ocrx_word' id='word_1_2' title='bbox 1256 146 1358 183; x_wconf 90' lang='lat' dir='ltr'>LIB.</span> <span class='ocrx_word' id='word_1_3' title='bbox 1392 147 1455 184; x_wconf 89' lang='lat'>111</span> 
     </span>
     <span class='ocr_line' id='line_1_2' title="bbox 670 259 702 295; baseline 0 0"><span class='ocrx_word' id='word_1_4' title='bbox 670 259 702 295; x_wconf 90' lang='lat' dir='ltr'>L</span> 
     </span>
    </p>
   </div>
   <div class='ocr_carea' id='block_1_2' title="bbox 129 333 1463 971">
    <p class='ocr_par' dir='ltr' id='par_1_2' title="bbox 134 333 1282 450">
     <span class='ocr_line' id='line_1_3' title="bbox 134 333 1282 381; baseline -0.002 -8"><span class='ocrx_word' id='word_1_5' title='bbox 134 336 244 373; x_wconf 91' lang='lat' dir='ltr'>Haec</span> <span class='ocrx_word' id='word_1_6' title='bbox 274 333 355 381; x_wconf 89' lang='lat' dir='ltr'>tibi,</span> <span class='ocrx_word' id='word_1_7' title='bbox 388 347 468 372; x_wconf 91' lang='lat' dir='ltr'>non</span> <span class='ocrx_word' id='word_1_8' title='bbox 497 333 582 381; x_wconf 85' lang='lat' dir='ltr'>alia,</span> <span class='ocrx_word' id='word_1_9' title='bbox 615 341 674 372; x_wconf 83' lang='lat' dir='ltr'>est</span> <span class='ocrx_word' id='word_1_10' title='bbox 702 335 753 373; x_wconf 90' lang='lat' dir='ltr'>ad</span> <span class='ocrx_word' id='word_1_11' title='bbox 783 347 922 372; x_wconf 85' lang='lat' dir='ltr'>cenam</span> <span class='ocrx_word' id='word_1_12' title='bbox 954 347 1071 372; x_wconf 87' lang='lat' dir='ltr'>causa</span> <span class='ocrx_word' id='word_1_13' title='bbox 1101 333 1282 380; x_wconf 84' lang='lat' dir='ltr'>vocandi,</span> 
     </span>
     <span class='ocr_line' id='line_1_4' title="bbox 182 398 1003 450; baseline 0 -13"><span class='ocrx_word' id='word_1_14' title='bbox 182 399 393 438; x_wconf 88' lang='lat' dir='ltr'>versiculos</span> <span class='ocrx_word' id='word_1_15' title='bbox 424 398 561 437; x_wconf 80' lang='lat' dir='ltr'>recites</span> <span class='ocrx_word' id='word_1_16' title='bbox 591 406 643 447; x_wconf 90' lang='lat' dir='ltr'>ut,</span> <span class='ocrx_word' id='word_1_17' title='bbox 677 399 873 450; x_wconf 75' lang='lat' dir='ltr'>Ligurine,</span> <span class='ocrx_word' id='word_1_18' title='bbox 904 407 1003 437; x_wconf 88' lang='lat' dir='ltr'>tuos.</span> 
     </span>
    </p>

    <p class='ocr_par' dir='ltr' id='par_1_3' title="bbox 129 464 1039 579">
     <span class='ocr_line' id='line_1_5' title="bbox 129 464 1039 515; baseline -0.002 -11"><span class='ocrx_word' id='word_1_19' title='bbox 129 464 295 515; x_wconf 88' lang='lat' dir='ltr'>deposui</span> <span class='ocrx_word' id='word_1_20' title='bbox 325 466 463 512; x_wconf 82' lang='lat' dir='ltr'>soleas,</span> <span class='ocrx_word' id='word_1_21' title='bbox 493 466 666 503; x_wconf 80' lang='lat' dir='ltr'>adfertur</span> <span class='ocrx_word' id='word_1_22' title='bbox 695 464 872 514; x_wconf 87' lang='lat' dir='ltr'>protinus</span> <span class='ocrx_word' id='word_1_23' title='bbox 902 464 1039 514; x_wconf 87' lang='lat' dir='ltr'>ingens</span> 
     </span>
     <span class='ocr_line' id='line_1_6' title="bbox 183 529 956 579; baseline 0 -12"><span class='ocrx_word' id='word_1_24' title='bbox 183 530 282 569; x_wconf 87' lang='lat' dir='ltr'>inter</span> <span class='ocrx_word' id='word_1_25' title='bbox 311 531 483 568; x_wconf 88' lang='lat' dir='ltr'>lactucas</span> <span class='ocrx_word' id='word_1_26' title='bbox 513 543 805 579; x_wconf 78' lang='lat' dir='ltr'>oxygarumque</span> <span class='ocrx_word' id='word_1_27' title='bbox 834 529 956 568; x_wconf 90' lang='lat' dir='ltr'>liber:</span> 
     </span>
    </p>

    <p class='ocr_par' dir='ltr' id='par_1_4' title="bbox 129 595 1459 707">
     <span class='ocr_line' id='line_1_7' title="bbox 129 595 1459 646; baseline -0.001 -13"><span class='ocrx_word' id='word_1_28' title='bbox 129 598 225 634; x_wconf 73' lang='lat' dir='ltr'>alter</span> <span class='ocrx_word' id='word_1_29' title='bbox 254 595 472 646; x_wconf 82' lang='lat' dir='ltr'>perlegitur,</span> <span class='ocrx_word' id='word_1_30' title='bbox 504 597 600 634; x_wconf 90' lang='lat' dir='ltr'>dum</span> <span class='ocrx_word' id='word_1_31' title='bbox 630 597 777 634; x_wconf 88' lang='lat' dir='ltr'>fercula</span> <span class='ocrx_word' id='word_1_32' title='bbox 805 595 930 646; x_wconf 87' lang='lat' dir='ltr'>prima</span> <span class='ocrx_word' id='word_1_33' title='bbox 959 602 1183 633; x_wconf 85' lang='lat' dir='ltr'>morantur:</span> <span class='ocrx_word' id='word_1_34' title='bbox 1443 609 1459 640; x_wconf 85' lang='lat'>5</span> 
     </span>
     <span class='ocr_line' id='line_1_8' title="bbox 184 660 1213 707; baseline -0.001 -9"><span class='ocrx_word' id='word_1_35' title='bbox 184 660 318 699; x_wconf 83' lang='lat' dir='ltr'>tertius</span> <span class='ocrx_word' id='word_1_36' title='bbox 347 669 415 707; x_wconf 87' lang='lat' dir='ltr'>est,</span> <span class='ocrx_word' id='word_1_37' title='bbox 448 674 521 698; x_wconf 89' lang='lat' dir='ltr'>nec</span> <span class='ocrx_word' id='word_1_38' title='bbox 550 662 682 699; x_wconf 89' lang='lat' dir='ltr'>adhuc</span> <span class='ocrx_word' id='word_1_39' title='bbox 712 675 849 699; x_wconf 87' lang='lat' dir='ltr'>mensa</span> <span class='ocrx_word' id='word_1_40' title='bbox 877 662 1054 699; x_wconf 88' lang='lat' dir='ltr'>secunda</span> <span class='ocrx_word' id='word_1_41' title='bbox 1081 660 1213 698; x_wconf 86' lang='lat' dir='ltr'>venit:</span> 
     </span>
    </p>

    <p class='ocr_par' dir='ltr' id='par_1_5' title="bbox 130 725 1216 841">
     <span class='ocr_line' id='line_1_9' title="bbox 130 725 1216 776; baseline -0.002 -12"><span class='ocrx_word' id='word_1_42' title='bbox 130 734 167 764; x_wconf 81' lang='lat' dir='ltr'>et</span> <span class='ocrx_word' id='word_1_43' title='bbox 198 734 379 776; x_wconf 90' lang='lat' dir='ltr'>quartum</span> <span class='ocrx_word' id='word_1_44' title='bbox 410 726 548 764; x_wconf 82' lang='lat' dir='ltr'>recitas</span> <span class='ocrx_word' id='word_1_45' title='bbox 578 734 616 765; x_wconf 88' lang='lat' dir='ltr'>et</span> <span class='ocrx_word' id='word_1_46' title='bbox 646 726 828 776; x_wconf 87' lang='lat' dir='ltr'>quintum</span> <span class='ocrx_word' id='word_1_47' title='bbox 859 726 1032 775; x_wconf 89' lang='lat' dir='ltr'>denique</span> <span class='ocrx_word' id='word_1_48' title='bbox 1061 725 1216 763; x_wconf 88' lang='lat' dir='ltr'>librum.</span> 
     </span>
     <span class='ocr_line' id='line_1_10' title="bbox 185 791 1135 841; baseline -0.001 -12"><span class='ocrx_word' id='word_1_49' title='bbox 185 791 345 841; x_wconf 88' lang='lat' dir='ltr'>putidus</span> <span class='ocrx_word' id='word_1_50' title='bbox 376 799 444 838; x_wconf 83' lang='lat' dir='ltr'>est,</span> <span class='ocrx_word' id='word_1_51' title='bbox 477 791 621 830; x_wconf 89' lang='lat' dir='ltr'>totiens</span> <span class='ocrx_word' id='word_1_52' title='bbox 651 791 683 830; x_wconf 90' lang='lat' dir='ltr'>si</span> <span class='ocrx_word' id='word_1_53' title='bbox 714 791 809 829; x_wconf 89' lang='lat' dir='ltr'>mihi</span> <span class='ocrx_word' id='word_1_54' title='bbox 839 791 954 841; x_wconf 87' lang='lat' dir='ltr'>ponis</span> <span class='ocrx_word' id='word_1_55' title='bbox 984 804 1135 841; x_wconf 87' lang='lat' dir='ltr'>aprum.</span> 
     </span>
    </p>

    <p class='ocr_par' dir='ltr' id='par_1_6' title="bbox 132 855 1463 971">
     <span class='ocr_line' id='line_1_11' title="bbox 132 855 1244 906; baseline 0 -13"><span class='ocrx_word' id='word_1_56' title='bbox 132 857 253 904; x_wconf 80' lang='lat' dir='ltr'>Quod</span> <span class='ocrx_word' id='word_1_57' title='bbox 283 856 313 893; x_wconf 90' lang='lat' dir='ltr'>si</span> <span class='ocrx_word' id='word_1_58' title='bbox 344 869 424 894; x_wconf 90' lang='lat' dir='ltr'>non</span> <span class='ocrx_word' id='word_1_59' title='bbox 457 855 649 894; x_wconf 84' lang='lat' dir='ltr'>scombris</span> <span class='ocrx_word' id='word_1_60' title='bbox 678 858 866 895; x_wconf 86' lang='lat' dir='ltr'>scelerata</span> <span class='ocrx_word' id='word_1_61' title='bbox 895 864 1078 906; x_wconf 75' lang='lat' dir='ltr'>poemata</span> <span class='ocrx_word' id='word_1_62' title='bbox 1108 857 1244 902; x_wconf 85' lang='lat' dir='ltr'>donas,</span> 
     </span>
     <span class='ocr_line' id='line_1_12' title="bbox 186 920 1463 971; baseline -0.001 -12"><span class='ocrx_word' id='word_1_63' title='bbox 186 920 345 959; x_wconf 87' lang='lat' dir='ltr'>cenabis</span> <span class='ocrx_word' id='word_1_64' title='bbox 375 922 481 959; x_wconf 83' lang='lat' dir='ltr'>solus</span> <span class='ocrx_word' id='word_1_65' title='bbox 512 921 600 967; x_wconf 85' lang='lat' dir='ltr'>iam,</span> <span class='ocrx_word' id='word_1_66' title='bbox 634 921 830 971; x_wconf 82' lang='lat' dir='ltr'>Ligurine,</span> <span class='ocrx_word' id='word_1_67' title='bbox 862 921 982 960; x_wconf 89' lang='lat' dir='ltr'>domi.</span> <span class='ocrx_word' id='word_1_68' title='bbox 1423 934 1463 956; x_wconf 88' lang='lat'>10</span> 
     </span>
    </p>
   </div>
   <div class='ocr_carea' id='block_1_3' title="bbox 663 1016 717 1052">
    <p class='ocr_par' dir='ltr' id='par_1_7' title="bbox 663 1016 717 1052">
     <span class='ocr_line' id='line_1_13' title="bbox 663 1016 717 1052; baseline 0 0"><span class='ocrx_word' id='word_1_69' title='bbox 663 1016 717 1052; x_wconf 92' lang='lat' dir='ltr'>LI</span> 
     </span>
    </p>
   </div>
   <div class='ocr_carea' id='block_1_4' title="bbox 134 1096 1240 1343">
    <p class='ocr_par' dir='ltr' id='par_1_8' title="bbox 134 1096 1240 1211">
     <span class='ocr_line' id='line_1_14' title="bbox 134 1096 1240 1145; baseline -0.001 -10"><span class='ocrx_word' id='word_1_70' title='bbox 134 1098 236 1135; x_wconf 82' lang='lat' dir='ltr'>Cum</span> <span class='ocrx_word' id='word_1_71' title='bbox 267 1096 407 1134; x_wconf 90' lang='lat' dir='ltr'>faciem</span> <span class='ocrx_word' id='word_1_72' title='bbox 437 1097 567 1144; x_wconf 87' lang='lat' dir='ltr'>laudo,</span> <span class='ocrx_word' id='word_1_73' title='bbox 599 1110 690 1135; x_wconf 91' lang='lat' dir='ltr'>cum</span> <span class='ocrx_word' id='word_1_74' title='bbox 722 1096 840 1135; x_wconf 92' lang='lat' dir='ltr'>miror</span> <span class='ocrx_word' id='word_1_75' title='bbox 868 1110 979 1135; x_wconf 88' lang='lat' dir='ltr'>crura</span> <span class='ocrx_word' id='word_1_76' title='bbox 1009 1109 1240 1145; x_wconf 89' lang='lat' dir='ltr'>manusque,</span> 
     </span>
     <span class='ocr_line' id='line_1_15' title="bbox 186 1161 1168 1211; baseline -0.001 -12"><span class='ocrx_word' id='word_1_77' title='bbox 186 1161 328 1208; x_wconf 86' lang='lat' dir='ltr'>dicere,</span> <span class='ocrx_word' id='word_1_78' title='bbox 360 1163 484 1209; x_wconf 87' lang='lat' dir='ltr'>Galla,</span> <span class='ocrx_word' id='word_1_79' title='bbox 515 1163 618 1200; x_wconf 88' lang='lat' dir='ltr'>soles</span> <span class='ocrx_word' id='word_1_80' title='bbox 650 1164 796 1201; x_wconf 85' lang='lat' dir='ltr'>‘Nuda</span> <span class='ocrx_word' id='word_1_81' title='bbox 824 1163 991 1211; x_wconf 83' lang='lat' dir='ltr'>placebo</span> <span class='ocrx_word' id='word_1_82' title='bbox 1021 1161 1168 1211; x_wconf 82' lang='lat' dir='ltr'>magis,⁷</span> 
     </span>
    </p>

    <p class='ocr_par' dir='ltr' id='par_1_9' title="bbox 134 1228 1236 1343">
     <span class='ocr_line' id='line_1_16' title="bbox 134 1228 1066 1278; baseline -0.001 -12"><span class='ocrx_word' id='word_1_83' title='bbox 134 1236 170 1266; x_wconf 83' lang='lat' dir='ltr'>et</span> <span class='ocrx_word' id='word_1_84' title='bbox 201 1241 355 1278; x_wconf 81' lang='lat' dir='ltr'>semper</span> <span class='ocrx_word' id='word_1_85' title='bbox 383 1228 481 1266; x_wconf 87' lang='lat' dir='ltr'>vitas</span> <span class='ocrx_word' id='word_1_86' title='bbox 510 1229 740 1266; x_wconf 84' lang='lat' dir='ltr'>communia</span> <span class='ocrx_word' id='word_1_87' title='bbox 770 1229 911 1267; x_wconf 80' lang='lat' dir='ltr'>balnea</span> <span class='ocrx_word' id='word_1_88' title='bbox 940 1228 1066 1267; x_wconf 85' lang='lat' dir='ltr'>nobis.</span> 
     </span>
     <span class='ocr_line' id='line_1_17' title="bbox 188 1292 1236 1343; baseline 0 -13"><span class='ocrx_word' id='word_1_89' title='bbox 188 1292 406 1343; x_wconf 83' lang='lat' dir='ltr'>Numquid,</span> <span class='ocrx_word' id='word_1_90' title='bbox 439 1295 563 1342; x_wconf 86' lang='lat' dir='ltr'>Galla,</span> <span class='ocrx_word' id='word_1_91' title='bbox 595 1294 708 1332; x_wconf 89' lang='lat' dir='ltr'>times</span> <span class='ocrx_word' id='word_1_92' title='bbox 737 1308 787 1333; x_wconf 91' lang='lat' dir='ltr'>ne</span> <span class='ocrx_word' id='word_1_93' title='bbox 817 1293 887 1332; x_wconf 86' lang='lat' dir='ltr'>tibi</span> <span class='ocrx_word' id='word_1_94' title='bbox 917 1307 997 1332; x_wconf 87' lang='lat' dir='ltr'>non</span> <span class='ocrx_word' id='word_1_95' title='bbox 1028 1293 1236 1343; x_wconf 79' lang='lat' dir='ltr'>placeam?</span> 
     </span>
    </p>
   </div>
   <div class='ocr_carea' id='block_1_5' title="bbox 649 1383 728 1420">
    <p class='ocr_par' dir='ltr' id='par_1_10' title="bbox 649 1383 728 1420">
     <span class='ocr_line' id='line_1_18' title="bbox 649 1383 728 1420; baseline 0 0"><span class='ocrx_word' id='word_1_96' title='bbox 649 1383 728 1420; x_wconf 93' lang='lat' dir='ltr'>LII</span> 
     </span>
    </p>
   </div>
   <div class='ocr_carea' id='block_1_6' title="bbox 135 1456 1330 1704">
    <p class='ocr_par' dir='ltr' id='par_1_11' title="bbox 135 1456 1330 1638">
     <span class='ocr_line' id='line_1_19' title="bbox 136 1456 1231 1508; baseline 0 -14"><span class='ocrx_word' id='word_1_97' title='bbox 136 1458 281 1506; x_wconf 88' lang='lat' dir='ltr'>Empta</span> <span class='ocrx_word' id='word_1_98' title='bbox 309 1458 452 1496; x_wconf 87' lang='lat' dir='ltr'>domus</span> <span class='ocrx_word' id='word_1_99' title='bbox 482 1459 606 1496; x_wconf 90' lang='lat' dir='ltr'>fuerat</span> <span class='ocrx_word' id='word_1_100' title='bbox 635 1458 717 1506; x_wconf 84' lang='lat' dir='ltr'>tibi,</span> <span class='ocrx_word' id='word_1_101' title='bbox 749 1457 998 1508; x_wconf 74' lang='lat' dir='ltr'>Tongiliane,</span> <span class='ocrx_word' id='word_1_102' title='bbox 1027 1456 1231 1496; x_wconf 86' lang='lat' dir='ltr'>ducentis:</span> 
     </span>
     <span class='ocr_line' id='line_1_20' title="bbox 187 1522 1237 1572; baseline 0 -12"><span class='ocrx_word' id='word_1_103' title='bbox 187 1522 348 1561; x_wconf 80' lang='lat' dir='ltr'>abstulit</span> <span class='ocrx_word' id='word_1_104' title='bbox 377 1524 479 1561; x_wconf 88' lang='lat' dir='ltr'>hanc</span> <span class='ocrx_word' id='word_1_105' title='bbox 508 1523 674 1561; x_wconf 88' lang='lat' dir='ltr'>nimium</span> <span class='ocrx_word' id='word_1_106' title='bbox 705 1537 817 1562; x_wconf 84' lang='lat' dir='ltr'>casus</span> <span class='ocrx_word' id='word_1_107' title='bbox 847 1523 887 1561; x_wconf 89' lang='lat' dir='ltr'>in</span> <span class='ocrx_word' id='word_1_108' title='bbox 917 1524 1013 1561; x_wconf 88' lang='lat' dir='ltr'>urbe</span> <span class='ocrx_word' id='word_1_109' title='bbox 1043 1524 1237 1572; x_wconf 86' lang='lat' dir='ltr'>frequens.</span> 
     </span>
     <span class='ocr_line' id='line_1_21' title="bbox 135 1585 1330 1638; baseline -0.001 -13"><span class='ocrx_word' id='word_1_110' title='bbox 135 1589 335 1626; x_wconf 88' lang='lat' dir='ltr'>conlatum</span> <span class='ocrx_word' id='word_1_111' title='bbox 365 1595 423 1626; x_wconf 85' lang='lat' dir='ltr'>est</span> <span class='ocrx_word' id='word_1_112' title='bbox 452 1588 624 1627; x_wconf 81' lang='lat' dir='ltr'>deciens.</span> <span class='ocrx_word' id='word_1_113' title='bbox 685 1590 810 1638; x_wconf 84' lang='lat' dir='ltr'>Rogo,</span> <span class='ocrx_word' id='word_1_114' title='bbox 843 1602 924 1627; x_wconf 87' lang='lat' dir='ltr'>non</span> <span class='ocrx_word' id='word_1_115' title='bbox 954 1596 1066 1638; x_wconf 89' lang='lat' dir='ltr'>potes</span> <span class='ocrx_word' id='word_1_116' title='bbox 1096 1587 1179 1637; x_wconf 88' lang='lat' dir='ltr'>ipse</span> <span class='ocrx_word' id='word_1_117' title='bbox 1208 1585 1330 1625; x_wconf 91' lang='lat' dir='ltr'>videri</span> 
     </span>
    </p>

    <p class='ocr_par' dir='ltr' id='par_1_12' title="bbox 189 1652 1066 1704">
     <span class='ocr_line' id='line_1_22' title="bbox 189 1652 1066 1704; baseline 0.001 -14"><span class='ocrx_word' id='word_1_118' title='bbox 189 1652 412 1691; x_wconf 88' lang='lat' dir='ltr'>incendisse</span> <span class='ocrx_word' id='word_1_119' title='bbox 442 1660 564 1701; x_wconf 81' lang='lat' dir='ltr'>tuam,</span> <span class='ocrx_word' id='word_1_120' title='bbox 593 1653 838 1704; x_wconf 82' lang='lat' dir='ltr'>Tongiliane,</span> <span class='ocrx_word' id='word_1_121' title='bbox 870 1655 1066 1692; x_wconf 89' lang='lat' dir='ltr'>domum?</span> 
     </span>
    </p>
   </div>
   <div class='ocr_carea' id='block_1_7' title="bbox 646 1754 748 1791">
    <p class='ocr_par' dir='ltr' id='par_1_13' title="bbox 646 1754 748 1791">
     <span class='ocr_line' id='line_1_23' title="bbox 646 1754 748 1791; baseline 0.01 -1"><span class='ocrx_word' id='word_1_122' title='bbox 646 1754 748 1791; x_wconf 89' lang='lat' dir='ltr'>LIII</span> 
     </span>
    </p>
   </div>
   <div class='ocr_carea' id='block_1_8' title="bbox 243 1830 1467 2139">
    <p class='ocr_par' dir='ltr' id='par_1_14' title="bbox 245 1830 897 1878">
     <span class='ocr_line' id='line_1_24' title="bbox 245 1830 897 1878; baseline 0.002 -12"><span class='ocrx_word' id='word_1_123' title='bbox 245 1830 295 1866; x_wconf 85' lang='lat' dir='ltr'>Et</span> <span class='ocrx_word' id='word_1_124' title='bbox 324 1830 432 1867; x_wconf 89' lang='lat' dir='ltr'>voltu</span> <span class='ocrx_word' id='word_1_125' title='bbox 462 1836 638 1878; x_wconf 90' lang='lat' dir='ltr'>poteram</span> <span class='ocrx_word' id='word_1_126' title='bbox 669 1837 737 1867; x_wconf 92' lang='lat' dir='ltr'>tuo</span> <span class='ocrx_word' id='word_1_127' title='bbox 766 1842 897 1868; x_wconf 88' lang='lat' dir='ltr'>carere</span> 
     </span>
    </p>

    <p class='ocr_par' dir='ltr' id='par_1_15' title="bbox 243 1894 992 1944">
     <span class='ocr_line' id='line_1_25' title="bbox 243 1894 992 1944; baseline 0.001 -13"><span class='ocrx_word' id='word_1_128' title='bbox 243 1901 281 1931; x_wconf 91' lang='lat' dir='ltr'>et</span> <span class='ocrx_word' id='word_1_129' title='bbox 310 1895 414 1932; x_wconf 88' lang='lat' dir='ltr'>collo</span> <span class='ocrx_word' id='word_1_130' title='bbox 442 1894 706 1944; x_wconf 87' lang='lat' dir='ltr'>manibusque</span> <span class='ocrx_word' id='word_1_131' title='bbox 735 1894 992 1944; x_wconf 89' lang='lat' dir='ltr'>cruribusque</span> 
     </span>
    </p>

    <p class='ocr_par' dir='ltr' id='par_1_16' title="bbox 244 1959 1060 2010">
     <span class='ocr_line' id='line_1_26' title="bbox 244 1959 1060 2010; baseline 0 -14"><span class='ocrx_word' id='word_1_132' title='bbox 244 1966 281 1996; x_wconf 86' lang='lat' dir='ltr'>et</span> <span class='ocrx_word' id='word_1_133' title='bbox 310 1959 492 1997; x_wconf 88' lang='lat' dir='ltr'>mammis</span> <span class='ocrx_word' id='word_1_134' title='bbox 521 1959 758 2010; x_wconf 86' lang='lat' dir='ltr'>natibusque</span> <span class='ocrx_word' id='word_1_135' title='bbox 787 1959 1060 2009; x_wconf 79' lang='lat' dir='ltr'>clunibusque‚</span> 
     </span>
    </p>

    <p class='ocr_par' dir='ltr' id='par_1_17' title="bbox 244 2024 979 2075">
     <span class='ocr_line' id='line_1_27' title="bbox 244 2024 979 2075; baseline 0 -13"><span class='ocrx_word' id='word_1_136' title='bbox 244 2031 291 2070; x_wconf 84' lang='lat' dir='ltr'>et,</span> <span class='ocrx_word' id='word_1_137' title='bbox 323 2037 374 2062; x_wconf 91' lang='lat' dir='ltr'>ne</span> <span class='ocrx_word' id='word_1_138' title='bbox 402 2024 555 2074; x_wconf 85' lang='lat' dir='ltr'>singula</span> <span class='ocrx_word' id='word_1_139' title='bbox 582 2025 763 2075; x_wconf 86' lang='lat' dir='ltr'>persequi</span> <span class='ocrx_word' id='word_1_140' title='bbox 792 2025 979 2072; x_wconf 85' lang='lat' dir='ltr'>laborem,</span> 
     </span>
    </p>

    <p class='ocr_par' dir='ltr' id='par_1_18' title="bbox 245 2091 1467 2139">
     <span class='ocr_line' id='line_1_28' title="bbox 245 2091 1467 2139; baseline 0.002 -13"><span class='ocrx_word' id='word_1_141' title='bbox 245 2096 327 2127; x_wconf 85' lang='lat' dir='ltr'>tota</span> <span class='ocrx_word' id='word_1_142' title='bbox 355 2096 393 2127; x_wconf 91' lang='lat' dir='ltr'>te</span> <span class='ocrx_word' id='word_1_143' title='bbox 422 2097 611 2139; x_wconf 81' lang='lat' dir='ltr'>poteram,</span> <span class='ocrx_word' id='word_1_144' title='bbox 644 2091 784 2137; x_wconf 83' lang='lat' dir='ltr'>Chloe,</span> <span class='ocrx_word' id='word_1_145' title='bbox 816 2103 956 2128; x_wconf 89' lang='lat' dir='ltr'>carere.</span> <span class='ocrx_word' id='word_1_146' title='bbox 1451 2103 1467 2133; x_wconf 88' lang='lat'>5</span> 
     </span>
    </p>
   </div>
   <div class='ocr_carea' id='block_1_9' title="bbox 139 2189 1468 2478">
    <p class='ocr_par' dir='ltr' id='par_1_19' title="bbox 139 2189 1468 2365">
     <span class='ocr_line' id='line_1_29' title="bbox 184 2189 1468 2233; baseline -0.002 -10"><span class='ocrx_word' id='word_1_147' title='bbox 184 2193 209 2222; x_wconf 90' lang='lat' dir='ltr'>L</span> <span class='ocrx_word' id='word_1_148' title='bbox 232 2203 281 2223; x_wconf 86' lang='lat' dir='ltr'>vv.</span> <span class='ocrx_word' id='word_1_149' title='bbox 304 2203 365 2223; x_wconf 87' lang='lat'>1—2</span> <span class='ocrx_word' id='word_1_150' title='bbox 381 2193 456 2224; x_wconf 77' lang='lat' dir='ltr'>hab.</span> <span class='ocrx_word' id='word_1_151' title='bbox 474 2193 508 2223; x_wconf 83' lang='lat' dir='ltr'><em>R</em></span> <span class='ocrx_word' id='word_1_152' title='bbox 639 2204 658 2233; x_wconf 86' lang='lat'><strong>3</strong></span> <span class='ocrx_word' id='word_1_153' title='bbox 686 2193 805 2224; x_wconf 83' lang='lat' dir='ltr'>deusui</span> <span class='ocrx_word' id='word_1_154' title='bbox 824 2193 878 2223; x_wconf 79' lang='grc' dir='ltr'>ΒΑ</span> <span class='ocrx_word' id='word_1_155' title='bbox 998 2204 1016 2231; x_wconf 84' lang='lat'><strong>4</strong></span> <span class='ocrx_word' id='word_1_156' title='bbox 1041 2197 1308 2231; x_wconf 79' lang='lat' dir='ltr'>ostygarumque</span> <span class='ocrx_word' id='word_1_157' title='bbox 1328 2189 1375 2220; x_wconf 72' lang='lat' dir='ltr'>CA</span> <span class='ocrx_word' id='word_1_158' title='bbox 1394 2190 1468 2228; x_wconf 80' lang='lat' dir='ltr'>(pro</span> 
     </span>
     <span class='ocr_line' id='line_1_30' title="bbox 139 2232 1468 2277; baseline -0.011 -2"><span class='ocrx_word' id='word_1_159' title='bbox 139 2245 242 2275; x_wconf 69' lang='lat' dir='ltr'>OSSy·‚</span> <span class='ocrx_word' id='word_1_160' title='bbox 262 2237 318 2268; x_wconf 82' lang='lat' dir='ltr'>1&#39;.e.</span> <span class='ocrx_word' id='word_1_161' title='bbox 338 2239 437 2276; x_wconf 58' lang='lat' dir='ltr'>oxy-l</span> <span class='ocrx_word' id='word_1_162' title='bbox 571 2247 590 2276; x_wconf 88' lang='lat'><strong><em>5</em></strong></span> <span class='ocrx_word' id='word_1_163' title='bbox 615 2238 801 2277; x_wconf 83' lang='lat' dir='ltr'>perlegitur</span> <span class='ocrx_word' id='word_1_164' title='bbox 816 2236 894 2267; x_wconf 78' lang='lat' dir='ltr'>BA:</span> <span class='ocrx_word' id='word_1_165' title='bbox 927 2241 1089 2276; x_wconf 85' lang='lat' dir='ltr'>pergetor</span> <span class='ocrx_word' id='word_1_166' title='bbox 1107 2235 1154 2266; x_wconf 76' lang='lat' dir='ltr'>CA</span> <span class='ocrx_word' id='word_1_167' title='bbox 1172 2239 1207 2265; x_wconf 81' lang='lat' dir='ltr'>ut</span> <span class='ocrx_word' id='word_1_168' title='bbox 1222 2234 1285 2266; x_wconf 82' lang='lat' dir='ltr'>vid.</span> <span class='ocrx_word' id='word_1_169' title='bbox 1308 2232 1380 2274; x_wconf 79' lang='lat' dir='ltr'>(sed</span> <span class='ocrx_word' id='word_1_170' title='bbox 1394 2242 1468 2272; x_wconf 88' lang='lat' dir='ltr'>por·</span> 
     </span>
     <span class='ocr_line' id='line_1_31' title="bbox 140 2276 1466 2320; baseline -0.008 -3"><span class='ocrx_word' id='word_1_171' title='bbox 140 2279 258 2317; x_wconf 84' lang='lat' dir='ltr'>rigitur</span> <span class='ocrx_word' id='word_1_172' title='bbox 274 2279 388 2319; x_wconf 61' lang='lat' dir='ltr'><em>XCG2,</em></span> <span class='ocrx_word' id='word_1_173' title='bbox 409 2281 560 2319; x_wconf 85' lang='lat' dir='ltr'>perletor</span> <span class='ocrx_word' id='word_1_174' title='bbox 579 2280 635 2320; x_wconf 78' lang='lat' dir='ltr'>Gl)</span> <span class='ocrx_word' id='word_1_175' title='bbox 784 2281 805 2310; x_wconf 90' lang='lat'><strong>6</strong></span> <span class='ocrx_word' id='word_1_176' title='bbox 830 2281 923 2311; x_wconf 89' lang='lat' dir='ltr'>uenit</span> <span class='ocrx_word' id='word_1_177' title='bbox 942 2279 1016 2309; x_wconf 63' lang='lat' dir='ltr'>BA:</span> <span class='ocrx_word' id='word_1_178' title='bbox 1044 2280 1103 2310; x_wconf 87' lang='lat' dir='ltr'>fuit</span> <span class='ocrx_word' id='word_1_179' title='bbox 1123 2279 1170 2310; x_wconf 73' lang='lat' dir='ltr'>CA</span> <span class='ocrx_word' id='word_1_180' title='bbox 1304 2287 1320 2315; x_wconf 92' lang='lat'>7</span> <span class='ocrx_word' id='word_1_181' title='bbox 1346 2276 1466 2306; x_wconf 88' lang='lat' dir='ltr'>librum</span> 
     </span>
     <span class='ocr_line' id='line_1_32' title="bbox 139 2320 1466 2365; baseline 0.001 -13"><span class='ocrx_word' id='word_1_182' title='bbox 139 2322 213 2352; x_wconf 71' lang='lat' dir='ltr'>BA:</span> <span class='ocrx_word' id='word_1_183' title='bbox 231 2323 351 2354; x_wconf 88' lang='lat' dir='ltr'>bruma</span> <span class='ocrx_word' id='word_1_184' title='bbox 363 2323 541 2365; x_wconf 62' lang='lat' dir='ltr'><em>(EAGff)</em></span> <span class='ocrx_word' id='word_1_185' title='bbox 554 2325 602 2355; x_wconf 81' lang='lat' dir='ltr'>vel</span> <span class='ocrx_word' id='word_1_186' title='bbox 612 2325 728 2355; x_wconf 86' lang='lat' dir='ltr'>broma</span> <span class='ocrx_word' id='word_1_187' title='bbox 741 2323 831 2364; x_wconf 66' lang='lat' dir='ltr'><em>(XC)</em></span> <span class='ocrx_word' id='word_1_188' title='bbox 844 2325 912 2363; x_wconf 53' lang='lat' dir='ltr'>(tle.</span> <span class='ocrx_word' id='word_1_189' title='bbox 929 2323 1043 2362; x_wconf 82' lang='grc' dir='ltr'>βρῶμα</span> <span class='ocrx_word' id='word_1_190' title='bbox 1054 2323 1077 2354; x_wconf 50' lang='grc' dir='ltr'><strong>ἳῆ</strong></span> <span class='ocrx_word' id='word_1_191' title='bbox 1093 2322 1141 2353; x_wconf 70' lang='lat' dir='ltr'>CA</span> <span class='ocrx_word' id='word_1_192' title='bbox 1206 2322 1226 2351; x_wconf 90' lang='grc'>8</span> <span class='ocrx_word' id='word_1_193' title='bbox 1241 2331 1277 2352; x_wconf 86' lang='lat' dir='ltr'>es</span> <span class='ocrx_word' id='word_1_194' title='bbox 1288 2321 1341 2350; x_wconf 74' lang='grc' dir='ltr'>ΒΑ</span> <span class='ocrx_word' id='word_1_195' title='bbox 1354 2320 1432 2360; x_wconf 80' lang='lat' dir='ltr'>(seq.</span> <span class='ocrx_word' id='word_1_196' title='bbox 1441 2320 1466 2353; x_wconf 60' lang='lat' dir='ltr'>t)</span> 
     </span>
    </p>

    <p class='ocr_par' dir='ltr' id='par_1_20' title="bbox 184 2363 1467 2398">
     <span class='ocr_line' id='line_1_33' title="bbox 184 2363 1467 2398; baseline -0.002 -3"><span class='ocrx_word' id='word_1_197' title='bbox 184 2365 225 2395; x_wconf 92' lang='lat' dir='ltr'>LI</span> <span class='ocrx_word' id='word_1_198' title='bbox 251 2367 324 2397; x_wconf 82' lang='lat' dir='ltr'>hab.</span> <span class='ocrx_word' id='word_1_199' title='bbox 350 2367 379 2397; x_wconf 84' lang='lat' dir='ltr'><em>T</em></span> <span class='ocrx_word' id='word_1_200' title='bbox 790 2367 851 2397; x_wconf 86' lang='lat' dir='ltr'>LII</span> <span class='ocrx_word' id='word_1_201' title='bbox 880 2377 893 2397; x_wconf 90' lang='lat'>1</span> <span class='ocrx_word' id='word_1_202' title='bbox 913 2367 1054 2398; x_wconf 86' lang='lat' dir='ltr'>ducenis</span> <span class='ocrx_word' id='word_1_203' title='bbox 1069 2364 1202 2396; x_wconf 71' lang='lat' dir='ltr'>Scrt&#39;ver.</span> <span class='ocrx_word' id='word_1_204' title='bbox 1296 2374 1315 2394; x_wconf 86' lang='lat'><em>2</em></span> <span class='ocrx_word' id='word_1_205' title='bbox 1338 2363 1402 2393; x_wconf 78' lang='lat' dir='ltr'>hac</span> <span class='ocrx_word' id='word_1_206' title='bbox 1422 2363 1467 2393; x_wconf 72' lang='lat' dir='ltr'>CA</span> 
     </span>
    </p>

    <p class='ocr_par' dir='ltr' id='par_1_21' title="bbox 184 2409 865 2452">
     <span class='ocr_line' id='line_1_34' title="bbox 184 2409 865 2452; baseline 0.004 -13"><span class='ocrx_word' id='word_1_207' title='bbox 184 2409 261 2440; x_wconf 89' lang='lat' dir='ltr'>LIII</span> <span class='ocrx_word' id='word_1_208' title='bbox 287 2420 306 2449; x_wconf 88' lang='lat'><strong>3</strong></span> <span class='ocrx_word' id='word_1_209' title='bbox 330 2410 464 2441; x_wconf 84' lang='lat' dir='ltr'>natibus</span> <span class='ocrx_word' id='word_1_210' title='bbox 483 2411 562 2451; x_wconf 80' lang='lat' dir='ltr'>(om.</span> <span class='ocrx_word' id='word_1_211' title='bbox 582 2410 664 2452; x_wconf 88' lang='lat' dir='ltr'>que)</span> <span class='ocrx_word' id='word_1_212' title='bbox 686 2410 733 2442; x_wconf 68' lang='lat' dir='ltr'>CA</span> <span class='ocrx_word' id='word_1_213' title='bbox 751 2415 787 2441; x_wconf 82' lang='lat' dir='ltr'>ut</span> <span class='ocrx_word' id='word_1_214' title='bbox 801 2410 865 2442; x_wconf 72' lang='lat' dir='ltr'>vid.</span> 
     </span>
    </p>

    <p class='ocr_par' dir='ltr' id='par_1_22' title="bbox 1341 2450 1381 2478">
     <span class='ocr_line' id='line_1_35' title="bbox 1341 2450 1381 2478; baseline -0.025 0"><span class='ocrx_word' id='word_1_215' title='bbox 1341 2450 1381 2478; x_wconf 63' lang='lat'>6*</span> 
     </span>
    </p>
   </div>
  </div>
 </body>
</html>
