1684 2763
741 146 951 183 EPIGRA
961 147 1003 182 M
1012 145 1213 184 MATON
1246 146 1349 183 LIB.
1380 146 1461 182 XII

508 256 668 293 XXVII
701 255 922 305 (XXVIII)

134 331 234 368 Poto
264 343 336 379 ego
366 338 572 378 sextantes,
605 339 645 369 tu
676 339 799 381 potas,
833 332 972 378 Cinna,
1005 332 1203 370 deunces:

187 402 223 432 et
253 395 424 444 quereris
454 397 562 445 quod
592 409 684 443 non,
716 396 856 443 Cinna,
890 396 1070 435 bibamus
1101 395 1236 434 idem?

516 485 702 521 XXVIII
734 482 908 534 (XXIX)

135 558 409 607 Hermogenes
440 566 570 597 tantus
599 573 842 609 mapparum,
874 558 1111 605 †Castrice†‚
1143 558 1203 596 sur
1232 565 1289 597 est

186 630 356 671 quantus
386 637 639 662 nummorum
670 624 742 671 vix,
773 632 882 674 puto,
916 625 1049 661 Massa
1078 623 1174 670 fuit3

132 694 172 724 tu
203 687 293 726 licet
323 688 506 727 observes
536 691 710 728 dextram
743 697 956 739 teneasque
986 688 1193 735 sinistram,

190 753 362 791 inveniet
392 767 576 804 mappam
607 768 684 804 qua
714 754 864 793 ratione
895 755 1046 792 trahat:

131 819 308 858 cervinus
337 818 511 868 gelidum
541 820 673 857 sorbet
702 820 756 857 sie
786 819 928 857 halitus
957 832 1139 868 anguem,
1448 835 1464 865 5

185 897 340 922 casuras
369 885 446 922 alte
475 884 530 922 sic
559 884 658 934 rapit
689 884 761 922 Iris
790 898 922 935 aquas.

132 962 256 999 nuper
284 962 375 987 cum
406 948 564 998 Myrino
593 957 788 999 peteretur
817 949 950 987 missio
981 950 1098 995 laeso,

185 1013 371 1052 subduxit
402 1027 562 1063 mappas
593 1021 778 1064 quattuor
808 1016 1109 1063 Hermogenes,

132 1086 319 1117 cretatam
349 1086 504 1129 praetor
533 1092 622 1116 cum
654 1080 770 1117 vellet
800 1078 953 1117 mittere
983 1091 1180 1127 mappam,

184 1143 350 1194 praetori
381 1156 565 1193 mappam
596 1143 747 1194 surpuit
778 1145 1064 1192 Hermogenes
1427 1158 1466 1179 10

130 1210 310 1247 attulerat
340 1221 524 1258 mappam
554 1222 672 1247 nemo
702 1210 797 1247 dum
828 1210 928 1247 furta
957 1207 1167 1246 timentur:

185 1275 357 1312 mantele
385 1287 408 1311 a
437 1287 573 1312 mensa
603 1274 753 1324 surpuit
784 1276 1069 1323 Hermogenes.

132 1341 208 1378 hoe
237 1353 397 1389 quoque
427 1339 458 1377 si
487 1340 597 1387 derit,
630 1342 783 1379 medios
813 1339 1030 1389 discingere
1060 1340 1182 1376 lectos

184 1418 489 1455 mensarumque
517 1407 640 1455 pedes
669 1418 750 1443 non
780 1405 891 1443 timet
922 1406 1209 1453 Hermogenes.

131 1469 309 1519 quamvis
338 1484 419 1508 non
450 1470 608 1509 modico
639 1472 791 1508 caleant
820 1471 1043 1520 spectacula
1071 1470 1164 1514 sole,
1426 1484 1465 1516 15

186 1537 270 1573 vela
299 1536 541 1573 reducuntur
569 1548 659 1573 cum
690 1535 795 1573 venit
827 1537 1112 1584 Hermogenes.

132 1599 317 1638 festinant
347 1599 487 1650 trepidi
518 1599 781 1650 substringere
811 1600 972 1638 carbasa
1001 1606 1155 1645 nautae,

184 1666 235 1703 ad
264 1673 421 1715 portum
452 1665 635 1715 quotiens
664 1665 790 1715 paruit
822 1667 1108 1714 Hermogenes.

131 1729 280 1779 linigeri
309 1730 461 1779 fugiunt
492 1729 590 1768 calvi
620 1730 851 1780 sistrataque
881 1730 1005 1776 turba,

185 1795 285 1834 inter
312 1797 521 1835 adorantes
551 1809 642 1834 cum
672 1796 777 1852 stetit
808 1798 1095 1845 Hermogenes.
1424 1810 1465 1832 20

131 1862 181 1899 ad
210 1874 349 1899 cenam
381 1862 656 1911 Hermogenes
683 1875 867 1912 mappam
898 1874 978 1899 non
1007 1859 1136 1898 attulit
1166 1872 1365 1910 umquam,

185 1939 207 1964 a
237 1939 335 1965 cena
363 1939 517 1976 semper
545 1926 692 1964 rettulit
722 1928 1008 1976 Hermogenes.

133 2097 333 2144 Sexagena
361 2102 461 2133 teras
491 2108 581 2133 cum
612 2095 748 2134 limina
777 2109 893 2134 mane
923 2103 1090 2142 senator,

187 2173 271 2197 esse
300 2159 371 2198 tibi
400 2159 535 2198 videor
563 2160 784 2199 desidiosus
814 2174 946 2211 eques,

178 2261 313 2292 XXVII
342 2271 355 2292 1
384 2262 494 2303 potas]
513 2267 595 2302 pota
615 2263 663 2295 CA
870 2263 1019 2294 XXVIII
1045 2274 1111 2294 om.
1132 2263 1180 2294 CA
1272 2274 1285 2294 1
1312 2264 1462 2295 Castrice

134 2306 247 2346 scm'pSz'
260 2305 323 2346 (vel
338 2305 497 2344 Maxime)
514 2318 520 2337 :
545 2317 610 2337 om.
629 2306 695 2338 cod.
831 2317 850 2346 5
875 2307 975 2337 alitus
992 2306 1057 2337 cod.
1197 2317 1236 2337 10
1260 2308 1408 2347 praetori
1425 2318 1464 2337 cx

136 2350 195 2380 ·ris
211 2349 240 2379 L
333 2358 371 2387 13
400 2349 508 2379 deerit
524 2350 588 2381 cod.
857 2350 978 2380 XXIX
1003 2361 1068 2381 om.
1091 2350 1139 2380 CA
1248 2360 1261 2380 1
1281 2351 1461 2389 Sexagena

138 2392 294 2423 Vossius:
320 2392 504 2431 Sexaginta
521 2392 588 2423 cod.
