1684 2763
383 428 452 476 M.
502 426 661 474 VAL.
715 426 1129 473 MARTIALIS

451 555 1061 603 EPIGRAMMATON

622 685 795 721 LIBER
833 685 893 721 XI

749 789 767 825 I

200 872 294 918 Qvo
324 877 376 915 tu,
409 883 499 919 quo,
533 869 630 908 liber
659 869 796 916 otiose,
830 869 958 908 tendis

199 937 325 972 cultus
356 934 506 973 Sidone
536 948 615 973 non
646 934 876 973 cotidiana?

198 1000 392 1049 numquid
424 999 678 1037 Parthenium
708 1000 870 1038 videre?
928 1001 1067 1039 Certe:

197 1066 316 1102 vadas
347 1072 384 1103 et
414 1066 550 1103 redeas
580 1065 830 1103 inevolutus:

197 1129 316 1167 libros
347 1143 427 1167 non
458 1129 549 1180 legit
579 1129 643 1168 ille
674 1131 744 1168 sed
774 1129 955 1176 libellos;

198 1207 270 1232 nec
302 1194 428 1232 Musis
457 1202 579 1242 vacat,
611 1202 678 1233 aut
708 1194 787 1233 suis
817 1202 981 1233 vacaret.

198 1259 353 1308 Ecquid
384 1267 421 1298 te
451 1259 542 1298 satis
571 1259 754 1298 aestimas
784 1260 955 1306 beatum,

196 1324 429 1374 contingunt
459 1324 529 1363 tibi
560 1325 591 1363 si
622 1338 761 1363 manus
793 1325 994 1363 minores?

195 1389 312 1428 vicini
341 1398 431 1440 pete
460 1390 654 1440 porticum
687 1390 866 1438 Quirini:

195 1456 349 1493 turbam
380 1469 460 1493 non
491 1456 611 1493 habet
641 1455 867 1494 otiosiorem
1388 1471 1424 1492 10

198 1520 409 1570 Pompeius
438 1522 499 1559 vel
529 1520 722 1570 Agenoris
752 1521 893 1570 puella,

195 1587 255 1623 vel
285 1585 432 1635 primae
462 1585 647 1624 dominus
677 1585 771 1624 levis
801 1585 965 1623 carinae.

197 1658 286 1688 sunt
316 1650 394 1689 illic
425 1652 505 1689 duo
536 1658 660 1689 tresve
690 1650 757 1700 qui
787 1652 987 1689 revolvant

195 1723 414 1754 nostrarum
445 1715 569 1754 tineas
598 1715 844 1765 ineptiarum,

195 1781 264 1818 sed
294 1794 385 1818 curn
414 1780 575 1830 sponsio
605 1782 840 1830 fabulaeque
870 1782 993 1818 lassae
1386 1795 1423 1826 15

195 1846 244 1883 de
275 1846 423 1894 Scorpo
453 1845 596 1884 fuerint
626 1853 664 1884 et
695 1845 877 1884 Incitato.

734 1945 775 1982 II

89 2025 216 2063 Triste
246 2025 496 2076 supercilium
526 2026 693 2076 durique
723 2039 857 2065 severa
887 2024 1050 2064 Catonis

141 2092 246 2128 frons
277 2099 314 2128 et
343 2091 505 2129 aratoris
536 2091 615 2129 filia
645 2091 814 2129 Fabricii

89 2164 125 2193 et
155 2155 352 2205 personati
381 2157 502 2194 fastus
532 2163 570 2194 et
600 2158 732 2206 regula
761 2169 916 2195 morum

142 2219 336 2269 quidquid
366 2228 403 2258 et
432 2221 471 2258 in
502 2221 674 2260 tenebris
704 2234 785 2259 non
815 2234 961 2267 sumus,
995 2219 1046 2258 ite
1076 2220 1188 2258 foras.

133 2324 145 2353 I
173 2333 191 2353 2
216 2323 360 2354 sindone
376 2323 450 2353 BA:
476 2323 597 2354 sidone
617 2324 665 2356 CA
802 2336 821 2363 4
846 2323 1089 2354 ineuouolutus
1108 2321 1155 2352 CA
1272 2322 1291 2351 8
1316 2323 1421 2352 conti-

89 2372 195 2405 guunt
215 2366 263 2397 CA
352 2367 380 2397 si
404 2377 469 2398 om.
490 2367 539 2397 CA
669 2379 690 2407 9
714 2368 863 2398 uicinum
881 2367 936 2397 BA
952 2378 958 2398 t
976 2367 1076 2397 uicini
1097 2366 1145 2396 CA

136 2410 165 2440 II
192 2421 210 2440 2
237 2409 387 2440 Fabricia
408 2409 559 2450 Wagner,
579 2410 697 2441 Gilbert
