1684 2763
207 139 262 175 M.
295 139 416 175 VAL.
451 138 764 176 MARTIALIS

313 257 392 286 tam
422 251 566 287 multos
596 248 682 298 quis
712 248 817 287 enim
847 248 965 287 fuisse
994 250 1128 287 credat

313 313 451 351 natalis
482 313 674 351 Priamive
705 312 960 350 Nestorisve?

314 378 369 415 Sit
399 379 559 416 tandem
588 379 716 427 pudor
745 386 782 416 et
812 379 954 416 modus
984 377 1138 428 rapinis.
1498 396 1535 427 15

314 444 422 492 quod
452 443 483 481 si
512 442 614 481 ludis
643 444 774 481 adhuc
804 444 1005 492 semelque
1034 443 1141 481 nasci

314 521 394 545 uno
424 507 500 545 iam
531 507 602 545 tibi
632 519 713 546 non
744 515 801 545 sat
831 516 888 545 est
918 507 957 544 in
986 521 1102 554 anno,

314 580 450 610 natum
480 580 529 619 te,
561 573 684 621 Clyte,
717 585 790 609 nec
820 573 941 609 semel
970 572 1130 621 putabo.

711 665 823 701 LXV

211 734 290 772 Hic
320 734 386 772 ubi
419 736 614 772 Fortunae
645 733 819 772 Reducis
850 733 1038 783 fulgentia
1067 735 1143 772 late

263 801 409 849 templa
437 799 574 845 nitent,
605 798 695 836 felix
723 812 812 836 area
841 812 965 848 nuper
994 807 1098 836 erat:

209 865 272 903 hic
301 864 406 902 stetit
436 864 571 901 Arctoi
600 865 822 902 formonsus
851 865 1009 912 pulvere
1039 863 1131 901 belli

264 943 502 979 purpureum
532 929 702 966 fundens
733 929 878 967 Caesar
905 928 955 965 ab
985 941 1051 966 ore
1082 927 1216 975 iubar;

211 994 274 1031 hic
304 996 413 1031 lauru
443 993 622 1031 redimita
651 1007 785 1031 comas
816 1002 853 1030 et
883 992 1053 1031 candida
1086 994 1194 1031 cultu
1521 1011 1537 1040 ,ς

267 1060 395 1097 Roma
425 1057 604 1095 salutavit
634 1071 731 1095 voce
761 1071 960 1107 manuque
989 1058 1144 1095 ducem.

212 1125 359 1172 grande
388 1122 463 1162 loci
495 1122 675 1160 meritum
706 1130 897 1160 testantur
926 1130 964 1159 et
993 1123 1112 1160 altera
1140 1123 1268 1160 dona':

266 1196 341 1226 stat
371 1201 478 1225 sacer
507 1195 545 1224 et
575 1186 734 1224 domitis
763 1186 945 1236 gentibus
974 1200 1085 1224 arcus
1116 1195 1230 1234 ovat3

214 1253 276 1290 hic
305 1251 450 1301 gemini
480 1264 613 1288 currus
643 1259 851 1288 numerant
881 1253 1090 1300 elephanta
1118 1253 1375 1300 frequentem,

267 1316 406 1354 sufficit
436 1315 623 1353 inmensis
652 1329 791 1353 aureus
821 1315 903 1365 ipse
932 1315 1040 1364 iugis.
1448 1324 1451 1327 '
1501 1333 1539 1354 10

217 1384 330 1420 Haec
359 1390 416 1419 est
446 1381 564 1430 digna
593 1380 680 1427 tuis,
713 1380 958 1426 Germanice,
990 1388 1101 1430 porta
1130 1380 1360 1430 triumphis;

268 1449 340 1484 lios
369 1446 497 1484 aditus
528 1445 663 1483 urbem
696 1444 834 1482 Martis
863 1445 1007 1483 habere
1036 1446 1160 1483 decet.

698 1539 830 1575 LXVI

322 1612 501 1658 Augusto
530 1608 594 1658 pia
623 1616 708 1646 tura
736 1607 993 1657 victimasque

323 1688 392 1723 pro
421 1682 549 1711 vestro
579 1674 668 1711 date
698 1672 803 1719 Silio,
836 1673 1045 1712 Camenae.

323 1738 383 1775 bis
413 1751 528 1776 senos
558 1737 666 1775 iubet
696 1751 745 1774 en
776 1736 901 1774 redire
930 1738 1065 1783 fasces,

323 1811 416 1840 nato
445 1803 617 1846 consule,
650 1801 852 1850 nobilique
880 1801 985 1850 virga

324 1867 421 1904 vatis
451 1866 662 1905 Castaliam
693 1867 856 1903 domum
887 1879 1025 1903 sonare
1525 1883 1541 1911 5

325 1945 451 1970 rerum
482 1931 607 1980 prima
636 1932 739 1968 salus
769 1938 806 1968 et
836 1943 913 1967 una
944 1931 1097 1969 Caesar.

327 1996 525 2034 Gaudenti
554 2003 729 2045 superest
758 1996 888 2033 adhuc
918 1996 1026 2044 quod
1055 2002 1174 2044 optet,

326 2061 415 2099 felix
444 2074 613 2110 purpura
642 2059 855 2109 tertiusque
884 2060 1032 2097 consul.

327 2125 518 2174 Pompeio
547 2124 699 2162 dederit
729 2123 818 2161 licet
847 2131 1004 2161 Senatus

265 2228 358 2258 LXV
383 2238 402 2265 3
425 2233 537 2257 arctor
554 2228 720 2257 sarmosus
738 2230 773 2255 ut
788 2225 850 2255 vid.
871 2224 926 2254 BA
946 2225 1109 2263 &famosus
1127 2224 1170 2263 Q)
1319 2235 1339 2263 4
1364 2226 1445 2255 orbe
1461 2225 1516 2255 BA
1536 2237 1542 2255 :

223 2282 280 2301 ore
299 2270 347 2301 CA
436 2281 454 2308 5
480 2271 573 2300 lauro
588 2269 643 2299 ΒΑ
708 2269 795 2299 culto
814 2268 862 2298 CA
877 2268 984 2299 utvid.
1075 2269 1095 2296 6
1120 2269 1239 2298 ducum
1256 2267 1306 2298 CA
1393 2269 1413 2297 8
1437 2278 1543 2298 ouans

221 2314 276 2344 BA
294 2325 301 2344 ε
325 2319 403 2343 onat
422 2314 471 2343 CA
587 2324 608 2351 9
632 2313 828 2351 frequenter
844 2311 919 2341 BA:
942 2311 1138 2350 frequenter
1156 2311 1253 2351 (EA)
1272 2322 1315 2342 cm
1333 2311 1541 2350 frequentem

225 2357 274 2388 CA
291 2358 396 2387 incerl.
492 2366 529 2386 12
554 2356 677 2386 mardis
695 2355 743 2385 CA
760 2359 797 2384 ul
818 2355 879 2385 vicl.
902 2354 973 2391 ised
985 2355 1100 2384 martis
1115 2354 1166 2392 A)
1389 2354 1497 2384 LXVI
1526 2364 1538 2383 1

224 2401 353 2439 pietura
371 2399 421 2429 CA
438 2403 472 2429 ul
498 2399 558 2429 vid.
579 2400 725 2438 (pietura
742 2397 863 2437 XCB2,
883 2398 1013 2437 pictura
1034 2397 1123 2435 EB¹‚
1143 2397 1199 2436 pio
1219 2402 1291 2426 tura
1308 2397 1357 2437 A)
1448 2397 1541 2428 uicti-

223 2454 342 2486 ¹meique
360 2443 409 2473 CA
539 2453 558 2481 5
584 2442 721 2472 castalia
739 2441 788 2472 CA
912 2452 928 2480 7
954 2445 1048 2480 optet
1064 2440 1118 2470 BA
1135 2452 1141 2471 :
1165 2444 1256 2480 optat
1271 2439 1319 2470 CA
