1684 2715
871 174 1337 214 EPIGRAMMATON
1371 179 1472 216 LIB.
1510 181 1523 216 I

194 299 271 323 nou
304 284 386 334 pira
415 298 515 334 quae
545 286 661 335 longa
691 286 867 334 pendent
896 286 1055 336 religata
1083 296 1243 337 genesta
1506 307 1522 336 5

245 357 312 388 aut
342 349 490 388 imitata
521 349 646 388 brevis
678 350 828 388 Punica
856 363 975 399 grana
1004 364 1121 398 rosas,

194 414 336 453 rustica
365 414 544 453 laetantis
575 429 648 453 nec
680 414 783 452 misit
813 415 969 454 Sassina
1001 424 1123 454 metas

246 494 319 518 nec
349 481 399 518 de
430 480 584 518 Picenis
613 480 720 518 venit
748 480 851 518 oliva
880 481 1014 519 cadis:

194 547 324 584 nudus
353 559 456 596 aper,
490 547 559 584 sed
590 553 628 584 et
657 545 721 584 hic
752 545 939 584 minimus
970 547 1176 596 qualisque
1207 547 1333 586 necari

245 624 268 648 a
297 624 377 649 non
407 618 557 649 armato
586 610 804 661 pumilione
833 619 973 661 potest.
1489 630 1525 651 10

193 683 230 713 et
260 675 356 713 nihil
387 675 479 714 inde
509 677 646 714 datum
677 684 763 723 est3
803 684 956 714 tantum
987 677 1250 726 spectavimus
1280 691 1442 717 ornnes:

246 755 393 791 ponere
421 755 559 791 aprum
590 741 706 779 nobis
736 741 791 779 sic
821 749 858 780 et
887 743 1033 780 harena
1063 744 1172 781 solet.

195 808 367 844 Ponatur
396 807 466 844 tibi
497 809 628 845 nullus
657 820 751 857 aper
780 814 869 856 post
899 807 990 845 talia
1019 809 1131 853 facta,

245 872 314 910 sed
346 879 385 909 tu
416 871 572 921 ponaris
603 871 665 909 cui
696 871 959 911 Charidemus
987 885 1092 922 apro.

677 978 813 1013 XLIV

193 1051 378 1089 Lascivos
408 1053 586 1100 leporum
617 1065 752 1089 cursus
782 1053 969 1101 lususque
999 1053 1159 1090 leonum

245 1117 353 1166 quod
384 1116 507 1155 maior
536 1117 651 1155 nobis
681 1118 815 1155 charta
844 1117 1052 1167 minorque
1081 1118 1176 1167 gerit

192 1188 229 1219 et
261 1181 318 1219 bis
349 1181 454 1220 idem
486 1182 662 1229 facimus,
695 1182 861 1220 nimium
891 1182 934 1229 si,
967 1184 1096 1229 Stella,
1129 1183 1281 1221 videtur

246 1248 320 1285 hoc
351 1246 432 1294 tibi,
466 1247 523 1285 bis
554 1249 728 1297 leporem
759 1255 799 1286 tu
830 1261 990 1298 quoque
1020 1261 1124 1297 pone
1154 1248 1260 1286 mihi.

693 1354 805 1390 XLV

193 1428 311 1467 Edita
340 1442 389 1467 ne
421 1429 603 1467 brevibus
633 1437 766 1480 pereat
796 1428 893 1467 mihi
921 1442 1014 1467 cura
1044 1429 1196 1475 libellis,

245 1493 397 1531 dicatur
427 1494 556 1543 potius
587 1496 660 1533 Τὸν
689 1494 718 1533 δ’
747 1495 1058 1545 ἀπαμειβόμενος.

675 1599 809 1636 XLVI

191 1676 304 1713 Cum·
326 1673 425 1712 dicis
459 1676 666 1724 ‘ProperQ
699 1676 760 1713 fac
789 1674 821 1712 si
850 1674 969 1721 facis‚’
1001 1675 1172 1724 Hedyle,
1204 1675 1360 1724 languet

244 1739 421 1788 protinus
452 1747 489 1778 et
519 1748 644 1778 cessat
673 1739 876 1779 debilitata
905 1741 1052 1778 Venus.

191 1812 396 1853 expectare
426 1804 544 1842 iube:
588 1805 761 1843 velocius
792 1805 859 1843 ibo
889 1812 1074 1843 retentus.

247 1871 417 1919 Hedyle,
449 1869 480 1908 si
510 1883 707 1921 properas,
739 1870 803 1909 dic
833 1870 941 1917 mihi,
972 1883 1022 1908 ne
1051 1883 1269 1920 properem.

664 1976 822 2012 XLVII

191 2052 329 2101 Nuper
357 2058 438 2089 erat
468 2050 657 2098 medicus,
689 2064 796 2089 nunc
826 2058 883 2088 est
912 2049 1066 2099 vispillo
1098 2049 1286 2087 Diaulus:

244 2117 353 2165 quod
383 2115 536 2166 vispillo
565 2115 667 2162 facit,
698 2117 842 2154 fecerat
872 2122 909 2153 et
939 2115 1128 2153 medicus.

234 2215 254 2243 6
277 2224 382 2252 grana
398 2213 459 2244 AA
475 2225 483 2244 t
507 2214 592 2244 mala
611 2214 660 2244 CA
782 2224 799 2253 7
824 2214 988 2244 lactantes
1004 2212 1083 2242 AA:
1112 2212 1278 2242 lactantes
1296 2209 1395 2251 (XV)
1415 2212 1520 2241 vella·

190 2262 323 2288 etentes
341 2257 428 2298 <EQ
450 2257 499 2288 CA
586 2258 700 2288 sasina
716 2258 777 2288 ΑΑ
793 2269 800 2288 :
830 2257 960 2287 fuscina
978 2256 1027 2287 CA
1047 2255 1075 2295 (f
1084 2261 1146 2296 pro
1162 2266 1189 2294 s,
1210 2266 1229 2285 u
1242 2260 1303 2294 pro
1320 2257 1351 2287 al
1369 2266 1376 2285 :
1404 2255 1518 2285 fiscina

189 2300 324 2332 Scm'ver.
461 2311 500 2331 10
522 2306 634 2332 amato
656 2301 686 2331 T
816 2311 851 2331 11
878 2306 930 2331 est
947 2304 982 2330 ut
998 2304 1127 2330 tantum
1144 2298 1413 2338 exspectauirnus
1436 2297 1465 2328 T

235 2344 330 2374 XLV
350 2353 369 2373 2
392 2345 672 2382 apamibomenon
693 2343 757 2375 cod.
775 2355 782 2375 :
809 2355 886 2375 corr.
906 2344 952 2374 ed.
972 2354 1004 2373 a.
1026 2353 1129 2381 1473:
1156 2340 1429 2379 ἀπαμειβόμενοςῗ
1456 2341 1517 2375 (izz-

189 2389 386 2427 lerrogative)
405 2388 438 2417 F
437 2388 635 2418 riedlaender
972 2386 1081 2416 XLVI
1111 2395 1139 2423 1,
1156 2397 1174 2424 4
1202 2385 1331 2424 Hedyli
1348 2384 1476 2422 Bentley

234 2431 362 2461 XLVII
387 2430 460 2462 hab.
484 2432 514 2462 R
651 2442 664 2461 1
690 2430 745 2470 qui
763 2430 872 2461 suerat
888 2430 1038 2460 medicus
1053 2429 1149 2459 Paul.
1170 2429 1253 2459 Fest.
1268 2434 1305 2468 p.
1323 2429 1386 2466 369
1404 2425 1454 2457 Μ.
