<?xml version="1.0" encoding="UTF-8"?>
<!DOCTYPE html PUBLIC "-//W3C//DTD XHTML 1.0 Transitional//EN"
    "http://www.w3.org/TR/xhtml1/DTD/xhtml1-transitional.dtd">
<html xmlns="http://www.w3.org/1999/xhtml" xml:lang="en" lang="en">
 <head>
  <title>
</title>
<meta http-equiv="Content-Type" content="text/html;charset=utf-8" />
  <meta name='ocr-system' content='tesseract 3.04.00' />
  <meta name='ocr-capabilities' content='ocr_page ocr_carea ocr_par ocr_line ocrx_word'/>
</head>
<body>
  <div class='ocr_page' id='page_1' title='image "./epigrammatarecog00martuoft/epigrammatarecog00martuoft_0089.png"; bbox 0 0 1684 2763; ppageno 0'>
   <div class='ocr_carea' id='block_1_1' title="bbox 761 127 1437 166">
    <p class='ocr_par' dir='ltr' id='par_1_1' title="bbox 761 127 1437 166">
     <span class='ocr_line' id='line_1_1' title="bbox 761 127 1437 166; baseline 0.001 -2"><span class='ocrx_word' id='word_1_1' title='bbox 761 127 1228 166; x_wconf 76' lang='lat' dir='ltr'>EPIGRAMMA&#39;I&#39;ON</span> <span class='ocrx_word' id='word_1_2' title='bbox 1262 128 1364 165; x_wconf 78' lang='lat' dir='ltr'>LIB.</span> <span class='ocrx_word' id='word_1_3' title='bbox 1400 129 1437 165; x_wconf 85' lang='grc' dir='ltr'>Ι]</span> 
     </span>
    </p>
   </div>
   <div class='ocr_carea' id='block_1_2' title="bbox 208 238 1439 1596">
    <p class='ocr_par' dir='ltr' id='par_1_2' title="bbox 211 238 1032 551">
     <span class='ocr_line' id='line_1_2' title="bbox 215 238 971 289; baseline -0.003 -10"><span class='ocrx_word' id='word_1_4' title='bbox 215 241 284 279; x_wconf 79' lang='lat' dir='ltr'>sed</span> <span class='ocrx_word' id='word_1_5' title='bbox 315 254 395 278; x_wconf 91' lang='lat' dir='ltr'>non</span> <span class='ocrx_word' id='word_1_6' title='bbox 427 239 575 278; x_wconf 77' lang='lat' dir='ltr'>dixerat</span> <span class='ocrx_word' id='word_1_7' title='bbox 606 238 791 278; x_wconf 87' lang='lat' dir='ltr'>omnibus</span> <span class='ocrx_word' id='word_1_8' title='bbox 822 239 971 289; x_wconf 79' lang='lat' dir='ltr'>puellis.</span> 
     </span>
     <span class='ocr_line' id='line_1_3' title="bbox 215 304 991 354; baseline 0 -11"><span class='ocrx_word' id='word_1_9' title='bbox 215 319 350 344; x_wconf 88' lang='lat' dir='ltr'>verum</span> <span class='ocrx_word' id='word_1_10' title='bbox 381 313 423 343; x_wconf 88' lang='lat' dir='ltr'>ut</span> <span class='ocrx_word' id='word_1_11' title='bbox 453 304 591 343; x_wconf 78' lang='lat' dir='ltr'>dixerit</span> <span class='ocrx_word' id='word_1_12' title='bbox 621 304 807 343; x_wconf 86' lang='lat' dir='ltr'>omnibus</span> <span class='ocrx_word' id='word_1_13' title='bbox 837 304 991 354; x_wconf 73' lang='lat' dir='ltr'>puellis,</span> 
     </span>
     <span class='ocr_line' id='line_1_4' title="bbox 214 369 984 420; baseline -0.001 -12"><span class='ocrx_word' id='word_1_14' title='bbox 214 384 292 408; x_wconf 88' lang='lat' dir='ltr'>non</span> <span class='ocrx_word' id='word_1_15' title='bbox 324 370 421 409; x_wconf 80' lang='lat' dir='ltr'>dixit</span> <span class='ocrx_word' id='word_1_16' title='bbox 451 369 548 408; x_wconf 86' lang='lat' dir='ltr'>tibi:</span> <span class='ocrx_word' id='word_1_17' title='bbox 588 378 628 408; x_wconf 89' lang='lat' dir='ltr'>tu</span> <span class='ocrx_word' id='word_1_18' title='bbox 660 371 790 420; x_wconf 88' lang='lat' dir='ltr'>puella</span> <span class='ocrx_word' id='word_1_19' title='bbox 820 383 899 407; x_wconf 89' lang='lat' dir='ltr'>non</span> <span class='ocrx_word' id='word_1_20' title='bbox 931 384 984 417; x_wconf 85' lang='lat' dir='ltr'>es,</span> 
     </span>
     <span class='ocr_line' id='line_1_5' title="bbox 211 434 1032 483; baseline -0.002 -9"><span class='ocrx_word' id='word_1_21' title='bbox 211 444 249 474; x_wconf 86' lang='lat' dir='ltr'>et</span> <span class='ocrx_word' id='word_1_22' title='bbox 278 443 354 474; x_wconf 90' lang='lat' dir='ltr'>tres</span> <span class='ocrx_word' id='word_1_23' title='bbox 384 443 475 474; x_wconf 89' lang='lat' dir='ltr'>sunt</span> <span class='ocrx_word' id='word_1_24' title='bbox 505 435 590 483; x_wconf 79' lang='lat' dir='ltr'>tibi,</span> <span class='ocrx_word' id='word_1_25' title='bbox 621 434 854 483; x_wconf 79' lang='lat' dir='ltr'>Maximina,</span> <span class='ocrx_word' id='word_1_26' title='bbox 882 437 1032 482; x_wconf 86' lang='lat' dir='ltr'>dentes,</span> 
     </span>
     <span class='ocr_line' id='line_1_6' title="bbox 212 500 878 551; baseline -0.003 -12"><span class='ocrx_word' id='word_1_27' title='bbox 212 502 281 540; x_wconf 84' lang='lat' dir='ltr'>sed</span> <span class='ocrx_word' id='word_1_28' title='bbox 312 502 428 550; x_wconf 92' lang='lat' dir='ltr'>plane</span> <span class='ocrx_word' id='word_1_29' title='bbox 458 500 640 551; x_wconf 89' lang='lat' dir='ltr'>piceique</span> <span class='ocrx_word' id='word_1_30' title='bbox 669 500 878 550; x_wconf 82' lang='lat' dir='ltr'>buxeique.</span> 
     </span>
    </p>

    <p class='ocr_par' dir='ltr' id='par_1_3' title="bbox 211 565 1439 812">
     <span class='ocr_line' id='line_1_7' title="bbox 211 565 1020 616; baseline -0.001 -12"><span class='ocrx_word' id='word_1_31' title='bbox 211 580 330 616; x_wconf 87' lang='lat' dir='ltr'>quare</span> <span class='ocrx_word' id='word_1_32' title='bbox 360 566 390 604; x_wconf 91' lang='lat' dir='ltr'>si</span> <span class='ocrx_word' id='word_1_33' title='bbox 422 567 584 616; x_wconf 87' lang='lat' dir='ltr'>speculo</span> <span class='ocrx_word' id='word_1_34' title='bbox 615 566 792 616; x_wconf 82' lang='lat' dir='ltr'>mihique</span> <span class='ocrx_word' id='word_1_35' title='bbox 821 565 959 613; x_wconf 85' lang='lat' dir='ltr'>credis,</span> <span class='ocrx_word' id='word_1_36' title='bbox 1018 605 1020 607; x_wconf 59' lang='grc'><strong>,</strong></span> 
     </span>
     <span class='ocr_line' id='line_1_8' title="bbox 211 631 912 678; baseline -0.003 -8"><span class='ocrx_word' id='word_1_37' title='bbox 211 632 333 670; x_wconf 87' lang='lat' dir='ltr'>debes</span> <span class='ocrx_word' id='word_1_38' title='bbox 364 645 444 670; x_wconf 90' lang='lat' dir='ltr'>non</span> <span class='ocrx_word' id='word_1_39' title='bbox 473 631 585 670; x_wconf 83' lang='lat' dir='ltr'>aliter</span> <span class='ocrx_word' id='word_1_40' title='bbox 614 631 751 670; x_wconf 89' lang='lat' dir='ltr'>timere</span> <span class='ocrx_word' id='word_1_41' title='bbox 781 631 912 678; x_wconf 88' lang='lat' dir='ltr'>risum,</span> 
     </span>
     <span class='ocr_line' id='line_1_9' title="bbox 211 696 1439 746; baseline 0 -13"><span class='ocrx_word' id='word_1_42' title='bbox 211 710 329 746; x_wconf 83' lang='lat' dir='ltr'>quam</span> <span class='ocrx_word' id='word_1_43' title='bbox 360 704 520 735; x_wconf 90' lang='lat' dir='ltr'>ventum</span> <span class='ocrx_word' id='word_1_44' title='bbox 553 696 721 746; x_wconf 87' lang='lat' dir='ltr'>Spanius</span> <span class='ocrx_word' id='word_1_45' title='bbox 753 710 995 745; x_wconf 88' lang='lat' dir='ltr'>manumque</span> <span class='ocrx_word' id='word_1_46' title='bbox 1026 696 1191 743; x_wconf 78' lang='lat' dir='ltr'>Priscus,</span> <span class='ocrx_word' id='word_1_47' title='bbox 1402 713 1439 734; x_wconf 91' lang='lat'>10</span> 
     </span>
     <span class='ocr_line' id='line_1_10' title="bbox 211 761 1068 812; baseline 0.001 -14"><span class='ocrx_word' id='word_1_48' title='bbox 211 776 328 812; x_wconf 83' lang='lat' dir='ltr'>quam</span> <span class='ocrx_word' id='word_1_49' title='bbox 360 770 506 800; x_wconf 84' lang='lat' dir='ltr'>cretata</span> <span class='ocrx_word' id='word_1_50' title='bbox 537 761 648 800; x_wconf 89' lang='lat' dir='ltr'>timet</span> <span class='ocrx_word' id='word_1_51' title='bbox 679 762 844 800; x_wconf 89' lang='lat' dir='ltr'>Fabulla</span> <span class='ocrx_word' id='word_1_52' title='bbox 873 761 1068 809; x_wconf 77' lang='lat' dir='ltr'>nimbum,</span> 
     </span>
    </p>

    <p class='ocr_par' dir='ltr' id='par_1_4' title="bbox 210 827 899 865">
     <span class='ocr_line' id='line_1_11' title="bbox 210 827 899 865; baseline 0 0"><span class='ocrx_word' id='word_1_53' title='bbox 210 835 407 865; x_wconf 75' lang='lat' dir='ltr'>cerussata</span> <span class='ocrx_word' id='word_1_54' title='bbox 436 827 547 865; x_wconf 90' lang='lat' dir='ltr'>timet</span> <span class='ocrx_word' id='word_1_55' title='bbox 576 828 732 865; x_wconf 81' lang='lat' dir='ltr'>Sabella</span> <span class='ocrx_word' id='word_1_56' title='bbox 761 829 899 865; x_wconf 85' lang='lat' dir='ltr'>solem.</span> 
     </span>
    </p>

    <p class='ocr_par' dir='ltr' id='par_1_5' title="bbox 212 892 912 942">
     <span class='ocr_line' id='line_1_12' title="bbox 212 892 912 942; baseline 0.001 -13"><span class='ocrx_word' id='word_1_57' title='bbox 212 894 338 931; x_wconf 90' lang='lat' dir='ltr'>voltus</span> <span class='ocrx_word' id='word_1_58' title='bbox 369 892 490 931; x_wconf 88' lang='lat' dir='ltr'>indue</span> <span class='ocrx_word' id='word_1_59' title='bbox 520 900 561 930; x_wconf 88' lang='lat' dir='ltr'>tu</span> <span class='ocrx_word' id='word_1_60' title='bbox 592 892 715 942; x_wconf 86' lang='lat' dir='ltr'>magis</span> <span class='ocrx_word' id='word_1_61' title='bbox 745 906 912 940; x_wconf 87' lang='lat' dir='ltr'>severos,</span> 
     </span>
    </p>

    <p class='ocr_par' dir='ltr' id='par_1_6' title="bbox 210 957 1100 1008">
     <span class='ocr_line' id='line_1_13' title="bbox 210 957 1100 1008; baseline 0.001 -13"><span class='ocrx_word' id='word_1_62' title='bbox 210 971 328 1006; x_wconf 80' lang='lat' dir='ltr'>quam</span> <span class='ocrx_word' id='word_1_63' title='bbox 360 957 532 995; x_wconf 87' lang='lat' dir='ltr'>coniunx</span> <span class='ocrx_word' id='word_1_64' title='bbox 562 957 706 995; x_wconf 83' lang='lat' dir='ltr'>Priami</span> <span class='ocrx_word' id='word_1_65' title='bbox 736 971 937 1008; x_wconf 89' lang='lat' dir='ltr'>nurusque</span> <span class='ocrx_word' id='word_1_66' title='bbox 967 957 1100 996; x_wconf 89' lang='lat' dir='ltr'>maior.</span> 
     </span>
    </p>

    <p class='ocr_par' dir='ltr' id='par_1_7' title="bbox 210 1022 1437 1137">
     <span class='ocr_line' id='line_1_14' title="bbox 211 1022 1437 1066; baseline -0.001 -7"><span class='ocrx_word' id='word_1_67' title='bbox 211 1022 353 1061; x_wconf 88' lang='lat' dir='ltr'>mimos</span> <span class='ocrx_word' id='word_1_68' title='bbox 382 1022 536 1060; x_wconf 86' lang='lat' dir='ltr'>ridiculi</span> <span class='ocrx_word' id='word_1_69' title='bbox 567 1022 810 1061; x_wconf 83' lang='lat' dir='ltr'>Philistionis</span> <span class='ocrx_word' id='word_1_70' title='bbox 1403 1037 1437 1066; x_wconf 80' lang='lat'>15</span> 
     </span>
     <span class='ocr_line' id='line_1_15' title="bbox 210 1087 784 1137; baseline -0.002 -11"><span class='ocrx_word' id='word_1_71' title='bbox 210 1096 247 1126; x_wconf 86' lang='lat' dir='ltr'>et</span> <span class='ocrx_word' id='word_1_72' title='bbox 277 1087 457 1126; x_wconf 88' lang='lat' dir='ltr'>convivia</span> <span class='ocrx_word' id='word_1_73' title='bbox 487 1087 677 1137; x_wconf 75' lang='lat' dir='ltr'>nequiora</span> <span class='ocrx_word' id='word_1_74' title='bbox 705 1088 784 1126; x_wconf 86' lang='lat' dir='ltr'>vita</span> 
     </span>
    </p>

    <p class='ocr_par' dir='ltr' id='par_1_8' title="bbox 210 1152 902 1203">
     <span class='ocr_line' id='line_1_16' title="bbox 210 1152 902 1203; baseline 0.001 -12"><span class='ocrx_word' id='word_1_75' title='bbox 210 1161 247 1192; x_wconf 84' lang='lat' dir='ltr'>et</span> <span class='ocrx_word' id='word_1_76' title='bbox 277 1152 473 1203; x_wconf 88' lang='lat' dir='ltr'>quidquid</span> <span class='ocrx_word' id='word_1_77' title='bbox 503 1153 635 1202; x_wconf 88' lang='lat' dir='ltr'>lepida</span> <span class='ocrx_word' id='word_1_78' title='bbox 663 1153 902 1203; x_wconf 80' lang='lat' dir='ltr'>procacitate</span> 
     </span>
    </p>

    <p class='ocr_par' dir='ltr' id='par_1_9' title="bbox 210 1218 841 1269">
     <span class='ocr_line' id='line_1_17' title="bbox 210 1218 841 1269; baseline 0.002 -13"><span class='ocrx_word' id='word_1_79' title='bbox 210 1220 310 1257; x_wconf 81' lang='lat' dir='ltr'>laxat</span> <span class='ocrx_word' id='word_1_80' title='bbox 340 1218 549 1269; x_wconf 87' lang='lat' dir='ltr'>perspicuo</span> <span class='ocrx_word' id='word_1_81' title='bbox 579 1219 721 1257; x_wconf 86' lang='lat' dir='ltr'>labella</span> <span class='ocrx_word' id='word_1_82' title='bbox 750 1218 841 1257; x_wconf 87' lang='lat' dir='ltr'>risu.</span> 
     </span>
    </p>

    <p class='ocr_par' dir='ltr' id='par_1_10' title="bbox 209 1284 1080 1339">
     <span class='ocr_line' id='line_1_18' title="bbox 209 1284 1080 1339; baseline 0 -17"><span class='ocrx_word' id='word_1_83' title='bbox 209 1293 247 1323; x_wconf 86' lang='lat' dir='ltr'>te</span> <span class='ocrx_word' id='word_1_84' title='bbox 277 1293 449 1323; x_wconf 88' lang='lat' dir='ltr'>maestae</span> <span class='ocrx_word' id='word_1_85' title='bbox 479 1287 593 1323; x_wconf 89' lang='lat' dir='ltr'>decet</span> <span class='ocrx_word' id='word_1_86' title='bbox 623 1285 804 1324; x_wconf 79' lang='lat' dir='ltr'>adsidere</span> <span class='ocrx_word' id='word_1_87' title='bbox 835 1284 949 1323; x_wconf 89' lang='lat' dir='ltr'>matri</span> <span class='ocrx_word' id='word_1_88' title='bbox 1077 1336 1080 1339; x_wconf 16' lang='grc' dir='ltr'>ι</span> 
     </span>
    </p>

    <p class='ocr_par' dir='ltr' id='par_1_11' title="bbox 209 1350 1435 1465">
     <span class='ocr_line' id='line_1_19' title="bbox 209 1350 1435 1400; baseline -0.002 -12"><span class='ocrx_word' id='word_1_89' title='bbox 209 1350 436 1400; x_wconf 79' lang='lat' dir='ltr'>Ingentique</span> <span class='ocrx_word' id='word_1_90' title='bbox 466 1350 590 1388; x_wconf 90' lang='lat' dir='ltr'>virum</span> <span class='ocrx_word' id='word_1_91' title='bbox 621 1350 780 1400; x_wconf 88' lang='lat' dir='ltr'>piumve</span> <span class='ocrx_word' id='word_1_92' title='bbox 810 1352 979 1397; x_wconf 86' lang='lat' dir='ltr'>fratrem,</span> <span class='ocrx_word' id='word_1_93' title='bbox 1396 1367 1435 1386; x_wconf 75' lang='lat'>20</span> 
     </span>
     <span class='ocr_line' id='line_1_20' title="bbox 209 1415 951 1465; baseline 0.001 -12"><span class='ocrx_word' id='word_1_94' title='bbox 209 1423 247 1454; x_wconf 91' lang='lat' dir='ltr'>et</span> <span class='ocrx_word' id='word_1_95' title='bbox 276 1423 428 1453; x_wconf 85' lang='lat' dir='ltr'>tantum</span> <span class='ocrx_word' id='word_1_96' title='bbox 459 1415 612 1465; x_wconf 81' lang='lat' dir='ltr'>tragicis</span> <span class='ocrx_word' id='word_1_97' title='bbox 642 1430 778 1454; x_wconf 84' lang='lat' dir='ltr'>vacare</span> <span class='ocrx_word' id='word_1_98' title='bbox 809 1415 951 1454; x_wconf 81' lang='lat' dir='ltr'>Musis.</span> 
     </span>
    </p>

    <p class='ocr_par' dir='ltr' id='par_1_12' title="bbox 208 1480 911 1519">
     <span class='ocr_line' id='line_1_21' title="bbox 208 1480 911 1519; baseline -0.001 0"><span class='ocrx_word' id='word_1_99' title='bbox 208 1489 247 1518; x_wconf 88' lang='lat' dir='ltr'>at</span> <span class='ocrx_word' id='word_1_100' title='bbox 277 1489 317 1519; x_wconf 87' lang='lat' dir='ltr'>tu</span> <span class='ocrx_word' id='word_1_101' title='bbox 349 1480 539 1519; x_wconf 88' lang='lat' dir='ltr'>iudicium</span> <span class='ocrx_word' id='word_1_102' title='bbox 570 1489 704 1519; x_wconf 89' lang='lat' dir='ltr'>secuta</span> <span class='ocrx_word' id='word_1_103' title='bbox 734 1489 911 1519; x_wconf 89' lang='lat' dir='ltr'>nostrum</span> 
     </span>
    </p>

    <p class='ocr_par' dir='ltr' id='par_1_13' title="bbox 209 1546 915 1596">
     <span class='ocr_line' id='line_1_22' title="bbox 209 1546 915 1596; baseline 0.001 -13"><span class='ocrx_word' id='word_1_104' title='bbox 209 1547 328 1596; x_wconf 87' lang='lat' dir='ltr'>plora,</span> <span class='ocrx_word' id='word_1_105' title='bbox 361 1546 392 1584; x_wconf 88' lang='lat' dir='ltr'>si</span> <span class='ocrx_word' id='word_1_106' title='bbox 422 1546 536 1596; x_wconf 82' lang='lat' dir='ltr'>sapis,</span> <span class='ocrx_word' id='word_1_107' title='bbox 569 1560 592 1584; x_wconf 95' lang='lat' dir='ltr'>o</span> <span class='ocrx_word' id='word_1_108' title='bbox 621 1548 762 1596; x_wconf 84' lang='lat' dir='ltr'>puella,</span> <span class='ocrx_word' id='word_1_109' title='bbox 794 1548 915 1596; x_wconf 87' lang='lat' dir='ltr'>plora.</span> 
     </span>
    </p>
   </div>
   <div class='ocr_carea' id='block_1_3' title="bbox 101 1630 1075 1815">
    <p class='ocr_par' dir='ltr' id='par_1_14' title="bbox 101 1630 1075 1815">
     <span class='ocr_line' id='line_1_23' title="bbox 598 1630 717 1666; baseline 0 0"><span class='ocrx_word' id='word_1_110' title='bbox 598 1630 717 1666; x_wconf 90' lang='lat' dir='ltr'>XLII</span> 
     </span>
     <span class='ocr_line' id='line_1_24' title="bbox 101 1697 1075 1749; baseline -0.001 -13"><span class='ocrx_word' id='word_1_111' title='bbox 101 1699 223 1745; x_wconf 85' lang='lat' dir='ltr'>Zoile,</span> <span class='ocrx_word' id='word_1_112' title='bbox 253 1699 348 1749; x_wconf 90' lang='lat' dir='ltr'>quid</span> <span class='ocrx_word' id='word_1_113' title='bbox 379 1699 521 1738; x_wconf 89' lang='lat' dir='ltr'>solium</span> <span class='ocrx_word' id='word_1_114' title='bbox 552 1700 712 1738; x_wconf 86' lang='lat' dir='ltr'>subluto</span> <span class='ocrx_word' id='word_1_115' title='bbox 741 1699 885 1749; x_wconf 88' lang='lat' dir='ltr'>podice</span> <span class='ocrx_word' id='word_1_116' title='bbox 915 1697 1075 1748; x_wconf 89' lang='lat' dir='ltr'>perdis?</span> 
     </span>
     <span class='ocr_line' id='line_1_25' title="bbox 155 1765 988 1815; baseline -0.002 -12"><span class='ocrx_word' id='word_1_117' title='bbox 155 1765 332 1815; x_wconf 82' lang='lat' dir='ltr'>spurcius</span> <span class='ocrx_word' id='word_1_118' title='bbox 363 1773 404 1804; x_wconf 89' lang='lat' dir='ltr'>ut</span> <span class='ocrx_word' id='word_1_119' title='bbox 434 1766 511 1812; x_wconf 81' lang='lat' dir='ltr'>fiat,</span> <span class='ocrx_word' id='word_1_120' title='bbox 544 1765 663 1812; x_wconf 91' lang='lat' dir='ltr'>Zoile,</span> <span class='ocrx_word' id='word_1_121' title='bbox 696 1778 827 1815; x_wconf 83' lang='lat' dir='ltr'>merge</span> <span class='ocrx_word' id='word_1_122' title='bbox 857 1772 988 1814; x_wconf 87' lang='lat' dir='ltr'>caput.</span> 
     </span>
    </p>
   </div>
   <div class='ocr_carea' id='block_1_4' title="bbox 586 1848 730 1885">
    <p class='ocr_par' dir='ltr' id='par_1_15' title="bbox 586 1848 730 1885">
     <span class='ocr_line' id='line_1_26' title="bbox 586 1848 730 1885; baseline -0.007 0"><span class='ocrx_word' id='word_1_123' title='bbox 586 1848 730 1885; x_wconf 89' lang='lat' dir='ltr'>XLIII</span> 
     </span>
    </p>
   </div>
   <div class='ocr_carea' id='block_1_5' title="bbox 100 1916 1359 2163">
    <p class='ocr_par' dir='ltr' id='par_1_16' title="bbox 102 1916 1359 2033">
     <span class='ocr_line' id='line_1_27' title="bbox 102 1916 1359 1967; baseline -0.002 -11"><span class='ocrx_word' id='word_1_124' title='bbox 102 1920 219 1956; x_wconf 83' lang='grc' dir='ltr'>Κοινὰ</span> <span class='ocrx_word' id='word_1_125' title='bbox 248 1919 371 1967; x_wconf 78' lang='grc' dir='ltr'>φίλων</span> <span class='ocrx_word' id='word_1_126' title='bbox 401 1920 498 1956; x_wconf 85' lang='lat' dir='ltr'>haec</span> <span class='ocrx_word' id='word_1_127' title='bbox 527 1926 632 1965; x_wconf 76' lang='lat' dir='ltr'>sunt,</span> <span class='ocrx_word' id='word_1_128' title='bbox 662 1919 760 1956; x_wconf 85' lang='lat' dir='ltr'>haec</span> <span class='ocrx_word' id='word_1_129' title='bbox 790 1924 881 1955; x_wconf 86' lang='lat' dir='ltr'>sunt</span> <span class='ocrx_word' id='word_1_130' title='bbox 910 1924 1001 1963; x_wconf 84' lang='lat' dir='ltr'>tua,·</span> <span class='ocrx_word' id='word_1_131' title='bbox 1020 1916 1214 1963; x_wconf 81' lang='lat' dir='ltr'>Candide,</span> <span class='ocrx_word' id='word_1_132' title='bbox 1247 1916 1359 1962; x_wconf 76' lang='grc' dir='ltr'>κοινά,</span> 
     </span>
     <span class='ocr_line' id='line_1_28' title="bbox 154 1982 1095 2033; baseline -0.003 -12"><span class='ocrx_word' id='word_1_133' title='bbox 154 1996 255 2033; x_wconf 85' lang='lat' dir='ltr'>quae</span> <span class='ocrx_word' id='word_1_134' title='bbox 286 1992 325 2021; x_wconf 88' lang='lat' dir='ltr'>tu</span> <span class='ocrx_word' id='word_1_135' title='bbox 358 1983 603 2033; x_wconf 89' lang='lat' dir='ltr'>magnilocus</span> <span class='ocrx_word' id='word_1_136' title='bbox 633 1991 751 2021; x_wconf 89' lang='lat' dir='ltr'>nocte</span> <span class='ocrx_word' id='word_1_137' title='bbox 781 1982 925 2031; x_wconf 89' lang='lat' dir='ltr'>dieque</span> <span class='ocrx_word' id='word_1_138' title='bbox 956 1995 1095 2019; x_wconf 86' lang='lat' dir='ltr'>sonas:</span> 
     </span>
    </p>

    <p class='ocr_par' dir='ltr' id='par_1_17' title="bbox 100 2048 1122 2163">
     <span class='ocr_line' id='line_1_29' title="bbox 100 2048 1046 2098; baseline 0 -13"><span class='ocrx_word' id='word_1_139' title='bbox 100 2057 136 2086; x_wconf 84' lang='lat' dir='ltr'>te</span> <span class='ocrx_word' id='word_1_140' title='bbox 168 2048 488 2087; x_wconf 88' lang='lat' dir='ltr'>Lacedaemonio</span> <span class='ocrx_word' id='word_1_141' title='bbox 517 2050 618 2087; x_wconf 88' lang='lat' dir='ltr'>velat</span> <span class='ocrx_word' id='word_1_142' title='bbox 648 2056 739 2098; x_wconf 85' lang='lat' dir='ltr'>toga</span> <span class='ocrx_word' id='word_1_143' title='bbox 767 2049 847 2086; x_wconf 88' lang='lat' dir='ltr'>lota</span> <span class='ocrx_word' id='word_1_144' title='bbox 877 2048 1046 2086; x_wconf 85' lang='lat' dir='ltr'>Galaeso</span> 
     </span>
     <span class='ocr_line' id='line_1_30' title="bbox 154 2112 1122 2163; baseline -0.003 -12"><span class='ocrx_word' id='word_1_145' title='bbox 154 2114 213 2151; x_wconf 84' lang='lat' dir='ltr'>vel</span> <span class='ocrx_word' id='word_1_146' title='bbox 243 2127 362 2163; x_wconf 84' lang='lat' dir='ltr'>quam</span> <span class='ocrx_word' id='word_1_147' title='bbox 394 2113 566 2163; x_wconf 90' lang='lat' dir='ltr'>seposito</span> <span class='ocrx_word' id='word_1_148' title='bbox 596 2114 646 2151; x_wconf 92' lang='lat' dir='ltr'>de</span> <span class='ocrx_word' id='word_1_149' title='bbox 675 2127 789 2163; x_wconf 89' lang='lat' dir='ltr'>grege</span> <span class='ocrx_word' id='word_1_150' title='bbox 820 2114 960 2150; x_wconf 88' lang='lat' dir='ltr'>Parma</span> <span class='ocrx_word' id='word_1_151' title='bbox 990 2112 1122 2149; x_wconf 90' lang='lat' dir='ltr'>dedit:</span> 
     </span>
    </p>
   </div>
   <div class='ocr_carea' id='block_1_6' title="bbox 1423 385 1440 415">
    <p class='ocr_par' dir='ltr' id='par_1_18' title="bbox 1423 385 1440 415">
     <span class='ocr_line' id='line_1_31' title="bbox 1423 385 1440 415; textangle 90"><span class='ocrx_word' id='word_1_152' title='bbox 1423 385 1440 415; x_wconf 67' lang='lat' dir='ltr'>{sn</span> 
     </span>
    </p>
   </div>
   <div class='ocr_carea' id='block_1_7' title="bbox 142 2213 1435 2261">
    <p class='ocr_par' dir='ltr' id='par_1_19' title="bbox 142 2213 1435 2261">
     <span class='ocr_line' id='line_1_32' title="bbox 142 2213 1435 2261; baseline -0.002 -15"><span class='ocrx_word' id='word_1_153' title='bbox 142 2217 162 2245; x_wconf 80' lang='grc' dir='ltr'>ὁ</span> <span class='ocrx_word' id='word_1_154' title='bbox 186 2216 236 2261; x_wconf 74' lang='lat' dir='ltr'>et]</span> <span class='ocrx_word' id='word_1_155' title='bbox 254 2226 331 2246; x_wconf 89' lang='lat' dir='ltr'>nam</span> <span class='ocrx_word' id='word_1_156' title='bbox 349 2216 409 2245; x_wconf 73' lang='grc' dir='ltr'>ΑΛ</span> <span class='ocrx_word' id='word_1_157' title='bbox 480 2226 520 2246; x_wconf 92' lang='lat'>10</span> <span class='ocrx_word' id='word_1_158' title='bbox 544 2217 663 2255; x_wconf 85' lang='lat' dir='ltr'>panius</span> <span class='ocrx_word' id='word_1_159' title='bbox 687 2216 715 2246; x_wconf 91' lang='lat' dir='ltr'><em>T</em></span> <span class='ocrx_word' id='word_1_160' title='bbox 756 2226 835 2255; x_wconf 87' lang='lat' dir='ltr'>-que</span> <span class='ocrx_word' id='word_1_161' title='bbox 853 2215 987 2245; x_wconf 71' lang='lat' dir='ltr'>AACA:</span> <span class='ocrx_word' id='word_1_162' title='bbox 1013 2224 1068 2244; x_wconf 89' lang='lat' dir='ltr'>—ue</span> <span class='ocrx_word' id='word_1_163' title='bbox 1086 2213 1141 2243; x_wconf 73' lang='lat' dir='ltr'>BA</span> <span class='ocrx_word' id='word_1_164' title='bbox 1214 2224 1250 2252; x_wconf 83' lang='lat'>13</span> <span class='ocrx_word' id='word_1_165' title='bbox 1268 2224 1388 2244; x_wconf 80' lang='lat' dir='ltr'>saeuos</span> <span class='ocrx_word' id='word_1_166' title='bbox 1408 2214 1435 2243; x_wconf 78' lang='lat'>1·</span> 
     </span>
    </p>
   </div>
   <div class='ocr_carea' id='block_1_8' title="bbox 97 2267 1430 2493">
    <p class='ocr_par' dir='ltr' id='par_1_20' title="bbox 97 2267 1430 2493">
     <span class='ocr_line' id='line_1_33' title="bbox 102 2267 1427 2318; baseline 0 -11"><span class='ocrx_word' id='word_1_167' title='bbox 102 2289 137 2316; x_wconf 83' lang='lat'>14</span> <span class='ocrx_word' id='word_1_168' title='bbox 159 2267 263 2317; x_wconf 62' lang='lat' dir='ltr'>prami</span> <span class='ocrx_word' id='word_1_169' title='bbox 279 2283 314 2309; x_wconf 83' lang='lat' dir='ltr'>ul</span> <span class='ocrx_word' id='word_1_170' title='bbox 325 2278 388 2309; x_wconf 79' lang='lat' dir='ltr'><em>vid.</em></span> <span class='ocrx_word' id='word_1_171' title='bbox 412 2279 460 2309; x_wconf 76' lang='lat' dir='ltr'>CA</span> <span class='ocrx_word' id='word_1_172' title='bbox 471 2278 591 2318; x_wconf 83' lang='lat' dir='ltr'>(prami</span> <span class='ocrx_word' id='word_1_173' title='bbox 605 2278 649 2317; x_wconf 79' lang='lat' dir='ltr'>X,</span> <span class='ocrx_word' id='word_1_174' title='bbox 666 2279 763 2318; x_wconf 87' lang='lat' dir='ltr'>primi</span> <span class='ocrx_word' id='word_1_175' title='bbox 777 2278 889 2317; x_wconf 75' lang='grc' dir='ltr'><em>ΕΑΒ)</em></span> <span class='ocrx_word' id='word_1_176' title='bbox 997 2278 1035 2307; x_wconf 86' lang='grc'>18</span> <span class='ocrx_word' id='word_1_177' title='bbox 1059 2277 1169 2316; x_wconf 84' lang='lat' dir='ltr'>puella</span> <span class='ocrx_word' id='word_1_178' title='bbox 1185 2277 1232 2307; x_wconf 73' lang='lat' dir='ltr'>CA</span> <span class='ocrx_word' id='word_1_179' title='bbox 1321 2288 1362 2307; x_wconf 81' lang='lat'>20</span> <span class='ocrx_word' id='word_1_180' title='bbox 1386 2277 1427 2307; x_wconf 90' lang='lat' dir='ltr'>lu.</span> 
     </span>
     <span class='ocr_line' id='line_1_34' title="bbox 99 2320 1430 2362; baseline -0.002 -11"><span class='ocrx_word' id='word_1_181' title='bbox 99 2323 233 2359; x_wconf 68' lang='lat' dir='ltr'>gentiue</span> <span class='ocrx_word' id='word_1_182' title='bbox 256 2322 316 2351; x_wconf 82' lang='grc' dir='ltr'>ΑΑ</span> <span class='ocrx_word' id='word_1_183' title='bbox 334 2335 340 2353; x_wconf 87' lang='grc'>;</span> <span class='ocrx_word' id='word_1_184' title='bbox 364 2323 559 2361; x_wconf 80' lang='lat' dir='ltr'>Ingentique</span> <span class='ocrx_word' id='word_1_185' title='bbox 576 2322 683 2353; x_wconf 66' lang='lat' dir='ltr'>BACA</span> <span class='ocrx_word' id='word_1_186' title='bbox 752 2324 887 2362; x_wconf 86' lang='lat' dir='ltr'>piumue</span> <span class='ocrx_word' id='word_1_187' title='bbox 904 2322 963 2351; x_wconf 75' lang='grc' dir='ltr'>ΛΑ</span> <span class='ocrx_word' id='word_1_188' title='bbox 981 2333 988 2352; x_wconf 77' lang='lat' dir='ltr'>t</span> <span class='ocrx_word' id='word_1_189' title='bbox 1012 2321 1170 2360; x_wconf 88' lang='lat' dir='ltr'>piumque</span> <span class='ocrx_word' id='word_1_190' title='bbox 1187 2320 1294 2351; x_wconf 76' lang='lat' dir='ltr'>BACA</span> <span class='ocrx_word' id='word_1_191' title='bbox 1391 2330 1430 2349; x_wconf 80' lang='lat'>22</span> 
     </span>
     <span class='ocr_line' id='line_1_35' title="bbox 98 2364 1342 2406; baseline -0.001 -12"><span class='ocrx_word' id='word_1_192' title='bbox 98 2370 178 2403; x_wconf 72' lang='lat' dir='ltr'>aptu</span> <span class='ocrx_word' id='word_1_193' title='bbox 199 2366 247 2396; x_wconf 76' lang='lat' dir='ltr'>CA</span> <span class='ocrx_word' id='word_1_194' title='bbox 262 2368 335 2406; x_wconf 81' lang='lat' dir='ltr'>&lt;pro</span> <span class='ocrx_word' id='word_1_195' title='bbox 350 2371 432 2403; x_wconf 82' lang='lat' dir='ltr'>attu,</span> <span class='ocrx_word' id='word_1_196' title='bbox 449 2366 468 2396; x_wconf 83' lang='lat' dir='ltr'>i.</span> <span class='ocrx_word' id='word_1_197' title='bbox 485 2377 509 2397; x_wconf 84' lang='lat' dir='ltr'>e.</span> <span class='ocrx_word' id='word_1_198' title='bbox 531 2371 564 2396; x_wconf 87' lang='lat' dir='ltr'>at</span> <span class='ocrx_word' id='word_1_199' title='bbox 582 2368 632 2405; x_wconf 84' lang='lat' dir='ltr'>tu)</span> <span class='ocrx_word' id='word_1_200' title='bbox 844 2365 941 2395; x_wconf 89' lang='lat' dir='ltr'>XLII</span> <span class='ocrx_word' id='word_1_201' title='bbox 966 2365 1038 2395; x_wconf 75' lang='lat' dir='ltr'>hab.</span> <span class='ocrx_word' id='word_1_202' title='bbox 1058 2364 1091 2393; x_wconf 82' lang='lat' dir='ltr'><em>R</em></span> <span class='ocrx_word' id='word_1_203' title='bbox 1171 2374 1189 2393; x_wconf 86' lang='lat'>2</span> <span class='ocrx_word' id='word_1_204' title='bbox 1215 2365 1276 2394; x_wconf 80' lang='lat' dir='ltr'>fias</span> <span class='ocrx_word' id='word_1_205' title='bbox 1295 2364 1342 2394; x_wconf 67' lang='lat' dir='ltr'>CA</span> 
     </span>
     <span class='ocr_line' id='line_1_36' title="bbox 143 2405 1429 2449; baseline -0.004 -11"><span class='ocrx_word' id='word_1_206' title='bbox 143 2409 258 2439; x_wconf 87' lang='lat' dir='ltr'>XLIII</span> <span class='ocrx_word' id='word_1_207' title='bbox 281 2420 292 2439; x_wconf 93' lang='lat'>1</span> <span class='ocrx_word' id='word_1_208' title='bbox 313 2410 396 2440; x_wconf 85' lang='lat' dir='ltr'>haec</span> <span class='ocrx_word' id='word_1_209' title='bbox 407 2415 485 2439; x_wconf 84' lang='lat' dir='ltr'>sunt</span> <span class='ocrx_word' id='word_1_210' title='bbox 497 2410 647 2449; x_wconf 78' lang='lat' dir='ltr'>(ecsunt)</span> <span class='ocrx_word' id='word_1_211' title='bbox 661 2409 759 2439; x_wconf 81' lang='lat' dir='ltr'>semcl</span> <span class='ocrx_word' id='word_1_212' title='bbox 769 2409 818 2439; x_wconf 77' lang='lat' dir='ltr'>CA</span> <span class='ocrx_word' id='word_1_213' title='bbox 860 2409 1002 2438; x_wconf 79' lang='lat' dir='ltr'>candida</span> <span class='ocrx_word' id='word_1_214' title='bbox 1016 2407 1069 2436; x_wconf 72' lang='lat' dir='ltr'>BA</span> <span class='ocrx_word' id='word_1_215' title='bbox 1161 2417 1191 2436; x_wconf 87' lang='lat'>1-</span> <span class='ocrx_word' id='word_1_216' title='bbox 1201 2418 1219 2436; x_wconf 80' lang='lat'>2</span> <span class='ocrx_word' id='word_1_217' title='bbox 1238 2408 1314 2445; x_wconf 75' lang='lat' dir='ltr'>sort.</span> <span class='ocrx_word' id='word_1_218' title='bbox 1332 2405 1429 2435; x_wconf 78' lang='grc' dir='ltr'><em>Κοινὰ</em></span> 
     </span>
     <span class='ocr_line' id='line_1_37' title="bbox 97 2450 1426 2493; baseline -0.002 -12"><span class='ocrx_word' id='word_1_219' title='bbox 97 2451 218 2491; x_wconf 69' lang='grc' dir='ltr'>ψίλωνὶ</span> <span class='ocrx_word' id='word_1_220' title='bbox 245 2454 328 2483; x_wconf 82' lang='lat' dir='ltr'>haec</span> <span class='ocrx_word' id='word_1_221' title='bbox 346 2477 354 2485; x_wconf 91' lang='lat'><strong>.</strong></span> <span class='ocrx_word' id='word_1_222' title='bbox 373 2477 379 2484; x_wconf 89' lang='lat'>.</span> <span class='ocrx_word' id='word_1_223' title='bbox 399 2478 404 2484; x_wconf 93' lang='lat'><em>.</em></span> <span class='ocrx_word' id='word_1_224' title='bbox 422 2455 544 2484; x_wconf 73' lang='lat' dir='ltr'>sonas?</span> <span class='ocrx_word' id='word_1_225' title='bbox 571 2453 798 2493; x_wconf 72' lang='lat' dir='ltr'>interrogative</span> <span class='ocrx_word' id='word_1_226' title='bbox 897 2462 916 2490; x_wconf 89' lang='lat'><strong>4</strong></span> <span class='ocrx_word' id='word_1_227' title='bbox 937 2457 1027 2482; x_wconf 87' lang='lat' dir='ltr'>terra</span> <span class='ocrx_word' id='word_1_228' title='bbox 1044 2450 1135 2481; x_wconf 87' lang='lat' dir='ltr'>dedit</span> <span class='ocrx_word' id='word_1_229' title='bbox 1155 2450 1203 2480; x_wconf 77' lang='lat' dir='ltr'>CA</span> <span class='ocrx_word' id='word_1_230' title='bbox 1215 2451 1266 2489; x_wconf 66' lang='lat' dir='ltr'>(cf</span> <span class='ocrx_word' id='word_1_231' title='bbox 1287 2450 1358 2479; x_wconf 74' lang='lat' dir='ltr'>xlvi</span> <span class='ocrx_word' id='word_1_232' title='bbox 1371 2450 1426 2478; x_wconf 54' lang='lat' dir='ltr'>6?l</span> 
     </span>
    </p>
   </div>
  </div>
 </body>
</html>
