1684 2763
160 138 214 173 M.
246 136 369 173 VAL.
403 135 716 173 MARTIALIS

159 254 237 284 tarn
268 259 399 284 macer
428 253 471 283 ut
501 245 706 283 minimam
736 252 869 294 posset
898 244 961 282 vix
989 245 1089 283 ferre
1117 246 1341 283 lucernam:

212 310 399 349 succurrit
429 310 570 348 misero
601 323 713 348 casus
743 323 940 359 opemque
970 309 1067 348 tulit.

157 382 341 424 quattuor
369 374 544 424 inscripti
573 374 783 424 portabant
811 374 886 412 vile
916 375 1092 420 cadaver,

209 439 351 489 accipit
381 438 513 477 infelix
543 438 674 488 qualia
703 438 809 476 mille
838 452 978 488 rogus3
1454 454 1490 475 10

157 507 228 542 lios
258 517 391 542 comes
421 503 614 542 invalidus
645 503 852 541 summissa
881 516 978 541 voce
1007 510 1196 552 precatur,

211 577 252 607 ut
282 582 536 619 quocumque
566 568 686 606 velint
716 581 858 617 corpus
889 567 1005 605 inane
1035 569 1183 605 ferant:

157 642 397 682 permutatur
427 646 525 671 onus
556 633 777 682 stipataque
807 632 953 669 tollitur
981 633 1058 669 alte

209 698 365 748 grandis
395 698 434 735 in
464 705 629 747 angusta
658 697 808 735 sarcina
843 696 1057 746 sandapila.

160 764 237 801 Hic
268 763 362 800 mihi
392 764 442 801 de
473 762 603 800 multis
634 775 746 808 unus,
780 763 950 808 Lucane,
982 760 1135 799 videtur
1452 778 1488 808 ¹5

210 828 271 866 cui
303 827 439 866 merito
470 827 547 865 dici
581 830 755 865 ‘mortue
786 827 922 864 Galle⁷
952 833 1092 876 potest.

628 970 802 1006 LXXVI

267 1051 364 1090 ·1)ie
394 1065 528 1089 verum
559 1050 666 1098 mihi,
700 1052 846 1097 Marce,
879 1050 942 1088 dic
971 1051 1139 1099 ainab03

264 1117 317 1154 nil
347 1125 406 1155 est
435 1117 544 1165 quod
576 1115 697 1164 magis
727 1115 886 1153 audiam
917 1115 1109 1153 libenter.’

264 1182 317 1220 sic
348 1189 386 1219 et
415 1195 505 1219 cum
535 1180 673 1218 recitas
704 1188 792 1218 tuos
824 1180 988 1226 libellos,

263 1254 300 1284 et
330 1259 488 1283 causam
519 1245 700 1294 quotiens
730 1244 812 1294 agis
842 1245 1004 1291 clientis,

263 1324 359 1357 oras,
394 1310 553 1356 Gallice,
587 1323 649 1347 me
680 1322 871 1358 rogasque
901 1322 1065 1359 semper.

266 1378 417 1413 Durum
448 1383 505 1412 est
537 1388 599 1412 1ne
629 1374 700 1412 tibi
730 1375 839 1423 quod
868 1373 968 1423 petis
998 1387 1150 1423 negare.

264 1453 354 1478 vero
383 1439 509 1477 verius
540 1452 631 1488 ergo
661 1438 758 1488 quid
788 1438 835 1476 sit
865 1438 981 1476 audi:

266 1518 411 1551 verum,
444 1504 607 1551 Gallice,
638 1517 717 1541 non
747 1503 913 1541 libenter
941 1502 1064 1541 audis.

618 1647 815 1684 LXXVII

163 1730 286 1776 Liber,
317 1730 533 1767 amicorum
564 1728 790 1766 dulcissima
819 1741 911 1765 cura
940 1735 1108 1773 tuorum,

213 1794 339 1840 Liber,
372 1794 410 1831 in
440 1801 598 1831 aeterna
626 1792 754 1831 vivere
784 1792 901 1840 digne
931 1805 1028 1837 rosa,

158 1860 187 1896 si
219 1859 332 1908 sapis,
365 1857 524 1907 Assyrio
554 1870 708 1906 semper
737 1856 804 1894 tibi
837 1855 952 1894 crinis
981 1868 1141 1893 amomo

212 1924 415 1972 splendeat
446 1930 483 1960 et
513 1921 670 1971 cingant
700 1922 819 1958 florea
849 1928 950 1958 serta
979 1928 1096 1969 caput
1112 1934 1121 1966 3

158 1987 327 2025 ‹itandida
356 1987 574 2036 nigrescant
604 1987 734 2023 vetulo
766 1986 942 2034 crystalla
977 1986 1142 2022 Falerno
1469 2000 1485 2028 5

213 2061 250 2090 et
279 2053 402 2090 caleat
433 2052 580 2089 blando
611 2050 738 2088 mollis
767 2063 901 2088 amore
931 2057 1049 2087 torus.

159 2117 225 2165 qui
255 2116 310 2154 sic
340 2118 399 2154 vel
431 2115 563 2153 medio
593 2115 727 2152 finitus
757 2114 849 2152 vixit
878 2114 917 2151 in
947 2127 1057 2160 aevo,

213 2180 363 2229 longior
392 2180 483 2218 huic
514 2181 614 2217 facta
643 2187 701 2217 est
730 2193 849 2228 quam
879 2180 971 2217 data
999 2178 1077 2215 vita
1106 2177 1186 2214 fuit.

207 2300 222 2327 7
248 2299 347 2328 posse
366 2293 402 2318 nt
416 2287 478 2318 vid.
501 2287 551 2317 CA
652 2297 691 2317 10
717 2298 815 2326 rogos
831 2290 867 2316 ut
882 2285 944 2317 vid.
964 2285 1018 2315 ΒΑ
1124 2295 1162 2323 13
1188 2296 1273 2323 opus
1292 2285 1341 2315 CA
1449 2294 1487 2322 15

161 2334 296 2363 lucarne
313 2331 368 2361 BA
522 2332 560 2360 16
588 2331 644 2369 qui
663 2330 713 2361 CA
801 2335 898 2369 potes
914 2329 970 2358 BA
1117 2329 1260 2359 LXXVI
1290 2339 1302 2358 1
1333 2328 1394 2358 Dic
1411 2327 1464 2356 BA
1481 2338 1488 2355 t

162 2376 250 2414 Quid
269 2375 318 2405 CA
421 2386 439 2412 4
464 2385 544 2413 ages
563 2374 612 2404 CA
631 2374 663 2414 gi.
675 2384 697 2404 ι’.
717 2374 795 2410 -is?)
910 2383 925 2410 7
951 2372 1040 2411 quod
1061 2371 1142 2411 (Lf)
1161 2372 1209 2402 vel
1224 2372 1303 2411 quid
1325 2370 1415 2410 (ΡΩ)
1433 2370 1487 2399 ΒΑ

207 2418 367 2449 LXXVII
394 2428 412 2448 2
437 2419 536 2456 digna
554 2416 609 2447 BA
698 2429 716 2455 4
742 2418 857 2456 gingat
875 2416 925 2446 CA
1014 2416 1115 2446 ssarea
1134 2415 1183 2445 CA
1198 2419 1235 2445 ut
1250 2415 1311 2445 vicl.
