1684 2763
732 134 840 170 EPI(
850 135 988 171 ’,ΚΑΜ
997 135 1198 171 ΜΛἹῸΝ
1234 135 1332 171 L113.
1367 136 1421 171 Vl
1435 136 1447 172 I
1459 135 1472 171 I

150 259 229 283 non
260 245 336 283 iam
367 245 474 294 quod
505 245 599 282 orbe
629 251 765 281 cantor
794 251 831 282 et
862 245 967 293 legor
997 252 1090 289 toto,

150 323 222 348 nec
251 309 447 347 umbilicis
475 309 583 358 quod
613 309 780 346 decorus
809 315 846 346 et
875 309 995 346 cedro

149 388 308 425 Spargor
336 387 404 423 per
432 387 570 412 ornnes
602 375 731 411 Roma
761 387 858 423 quas
888 380 995 411 tenet
1024 381 1183 422 gentes:
1460 391 1475 420 5

150 440 219 477 sed
249 440 357 488 quod
387 439 461 476 sub
491 439 586 477 urbe
616 452 679 476 rus
709 438 901 476 habemus
931 438 1121 476 aestivum

150 503 406 553 vehimurque
437 503 551 541 rnulis
581 517 661 541 non
691 511 733 541 ut
761 511 852 541 ante
882 503 1099 542 conductis.

151 568 259 618 Quid
289 568 531 619 inprecabor,
563 582 587 606 o
617 570 769 614 Severe,
802 567 964 606 liventi?

152 635 226 671 hoc
255 641 374 683 opto:
415 634 539 671 mulas
569 633 712 671 habeat
741 640 779 671 et
809 633 1090 671 suburbanum.

647 715 765 752 LXII

152 784 293 823 scribit
322 785 361 823 in
390 799 524 824 aversa
555 785 694 823 Picens
724 785 1004 835 epigrammata
1032 786 1175 829 charta,

206 857 244 887 et
273 851 381 889 dolet
410 864 546 888 averso
576 851 684 900 quod
715 849 805 888 facit
835 850 900 888 illa
929 851 1016 888 deo.

638 939 778 975 LXIII

154 1008 370 1056 Thestylon
401 1008 526 1045 Aulus
555 1014 661 1044 amat
690 1007 760 1045 sed
790 1020 864 1044 nec
895 1006 1023 1044 minus
1053 1008 1163 1046 ardet
1194 1007 1344 1052 Alexin,

207 1072 368 1110 forsitan
399 1079 436 1110 et
466 1079 642 1110 nostrum
674 1085 780 1109 nunc
811 1071 1068 1120 Hyacinthon
1099 1079 1213 1109 amat.

155 1137 164 1173 i
195 1150 300 1175 nunc
330 1144 367 1175 et
397 1130 535 1175 dubita
562 1144 669 1175 vates
698 1150 748 1174 an
778 1136 913 1186 diligat
941 1136 1057 1186 ipsos,

208 1201 368 1240 delicias
397 1209 530 1239 vatum
560 1215 651 1240 cuni
682 1215 793 1239 meus
824 1203 948 1239 Aulus
978 1209 1093 1240 amet.

651 1289 786 1326 LXIV

264 1361 316 1397 Vt
346 1372 497 1409 poscam,
530 1360 654 1408 Clyte,
687 1373 830 1398 munus
860 1359 1082 1409 exigisque,

263 1437 343 1462 uno
373 1423 542 1462 nasceris
571 1424 722 1462 octiens
751 1424 790 1462 in
819 1438 925 1462 anno

264 1497 301 1528 et
331 1490 445 1536 solas,
477 1497 584 1538 puto,
616 1497 741 1527 tresve
771 1497 1003 1539 quattuorve

264 1567 344 1592 non
375 1553 575 1592 natalicias
604 1554 726 1591 habes
759 1555 971 1592 Kalendas.

265 1618 314 1656 sit
342 1620 472 1656 vultus
502 1618 572 1656 tibi
602 1618 723 1656 levior
752 1618 884 1657 licebit
1472 1634 1488 1664 5

266 1683 362 1722 tritis
392 1683 513 1721 litoris
542 1683 639 1721 aridi
669 1683 821 1733 lapillis,

266 1749 315 1787 sit
344 1762 454 1787 moro
484 1762 599 1786 corna
628 1749 771 1798 nigrior
799 1749 964 1795 caduco,

265 1813 399 1851 vincas
429 1813 593 1851 mollitia
622 1821 813 1852 tremente
842 1815 995 1863 plumas

265 1886 332 1916 aut
361 1892 529 1916 massam
560 1880 681 1916 modo
711 1878 821 1916 lactis
849 1878 1005 1928 alligati,

267 1951 305 1982 et
334 1943 420 1981 talis
450 1951 580 1981 tumor
608 1943 749 1982 excitet
779 1943 943 1993 papillas
1456 1959 1492 1981 10

267 2008 392 2058 qualis
422 2009 543 2046 cruda
570 2008 652 2046 viro
681 2010 811 2058 puella
840 2016 976 2054 servat,

267 2080 308 2111 tu
339 2072 465 2120 nobis,
497 2074 620 2122 Clyte,
652 2073 729 2111 iam
758 2086 878 2111 senex
905 2073 1069 2111 videris:

207 2178 284 2208 LXI
310 2189 329 2215 4
353 2177 527 2207 umbilicus
552 2176 602 2207 CA
698 2186 717 2215 5
741 2186 804 2215 per
829 2187 894 2207 om.
921 2176 977 2206 BA
1068 2182 1146 2207 tene
1172 2176 1221 2206 CA
1246 2180 1282 2205 ul
1306 2176 1367 2206 vid.
1473 2186 1488 2213 7

163 2226 272 2251 utom.
291 2220 345 2250 BA
404 2221 424 2250 8
448 2220 755 2260 imprecamurBA:
779 2220 980 2260 inprecabor
995 2219 1045 2249 CA
1106 2219 1223 2250 libenti
1239 2219 1289 2249 CA
1393 2219 1487 2248 LXII

163 2275 181 2294 2
206 2264 300 2304 facit]
320 2265 415 2294 decet
432 2263 460 2292 L
646 2264 759 2294 LXIII
784 2274 804 2302 3
828 2264 961 2293 dubitas
980 2263 1029 2293 CA
1212 2263 1323 2292 LXIV
1346 2272 1395 2292 vv.
1419 2263 1489 2299 1—6,

163 2309 238 2346 8-9,
267 2309 370 2337 12-18
393 2307 466 2338 hah.
498 2307 527 2337 T
654 2317 674 2345 3
699 2314 811 2338 tresue
835 2312 1059 2345 quattuorque
1089 2305 1119 2335 T
1136 2306 1216 2346 <pro
1239 2311 1374 2344 tresque
1397 2309 1488 2344 quat-

163 2356 305 2389 tuorque
316 2350 344 2389 Ρ)
457 2352 477 2380 6
500 2350 586 2380 tristi
615 2350 664 2381 CA
773 2351 857 2380 aridi
882 2350 982 2381 Παίς
1015 2350 1118 2379 aridis
1141 2349 1281 2379 AABA:
1317 2349 1410 2378 aride
1441 2348 1489 2377 CA

162 2396 182 2424 8
207 2399 391 2424 trementes
407 2393 462 2422 ΒΑ
537 2404 558 2433 9
581 2394 717 2432 allegati
733 2393 789 2424 BA
805 2405 811 2423 :
834 2393 979 2433 aggelati
998 2393 1155 2423 Heinsius
1238 2402 1276 2422 ιε
1300 2392 1376 2422 dum
1394 2401 1419 2421 s.
1441 2390 1489 2419 ΓΛ
