1684 2763
473 532 540 580 M.
591 533 748 580 VAL.
795 533 1202 581 MARTIALIS

529 660 1134 709 EPIGRAMMATON

692 787 864 824 LIBER
902 788 985 824 XII

331 880 544 917 VALERu‘s
576 880 815 917 MARTIALIS
846 881 999 917 Pmsco
1030 891 1105 917 svo
1135 881 1341 918 SALVTEM.

227 975 322 1009 SCIO
361 985 423 1009 me
461 971 720 1021 patrocinium
760 972 904 1009 debere
949 971 1316 1010 contumacissimae
1356 971 1496 1011 trienni

173 1035 370 1083 desidiae:
400 1050 479 1085 quo
507 1037 748 1074 absolvenda
777 1049 857 1074 non
888 1044 989 1074 esset
1019 1036 1117 1074 inter
1147 1037 1230 1074 illas
1251 1050 1410 1086 quoque
1439 1051 1497 1075 ur-

173 1100 280 1138 bicas
308 1100 599 1150 occupationes,
622 1100 765 1149 quibus
790 1100 939 1138 facilius
970 1101 1248 1150 consequimur
1274 1109 1315 1139 ut
1343 1101 1496 1139 molesti

174 1165 303 1214 potius
337 1179 455 1214 quam
499 1173 540 1202 ut
574 1165 737 1203 officiosi
776 1178 860 1203 esse
893 1165 1118 1213 videamurg
1158 1167 1305 1204 nedum
1344 1166 1383 1203 in
1423 1167 1496 1204 hac

138 1245 153 1273 5
175 1229 400 1279 provinciali
417 1230 637 1276 solitudine,
654 1230 721 1267 ubi
738 1230 810 1267 nisi
827 1229 944 1268 etiam
961 1230 1263 1280 intemperanter
1279 1232 1494 1277 studemus,

118 1567 156 1588 10

174 1302 210 1332 ct
231 1294 314 1332 sine
335 1295 481 1332 solacio
502 1302 539 1332 et
560 1294 642 1332 sine
663 1295 914 1332 excusatione
935 1295 1176 1333 secessimus.
1237 1295 1384 1345 Accipe
1405 1309 1496 1345 ergo

174 1359 374 1397 rationem.
448 1361 493 1396 In
529 1373 606 1408 qua
640 1360 715 1396 hoc
750 1358 961 1396 maximum
1003 1367 1041 1397 et
1079 1359 1247 1409 primum
1287 1368 1355 1407 est,
1387 1362 1495 1410 quod

171 1423 335 1461 civitatis
369 1437 480 1461 aures
511 1423 653 1472 quibus
687 1424 942 1461 adsueveram
977 1436 1133 1472 quaero,
1165 1431 1203 1462 et
1232 1423 1366 1462 videor
1400 1424 1495 1461 mihi

173 1489 211 1525 in
245 1488 374 1526 alieno
404 1490 487 1526 foro
517 1488 687 1537 litigare,
735 1487 765 1525 si
795 1487 890 1537 quid
920 1495 977 1526 est
1011 1488 1116 1526 enim
1149 1489 1257 1537 quod
1287 1488 1324 1526 in
1356 1489 1495 1527 libellis

175 1553 270 1591 meis
309 1555 471 1602 placeat,
512 1553 671 1591 dictavit
708 1553 888 1591 auditor:
935 1552 1040 1590 illam
1079 1553 1311 1591 iudiciorum
1351 1553 1496 1591 subtili-

174 1626 303 1665 tatem,
346 1618 441 1656 illud
481 1618 728 1656 materiarum
768 1617 979 1667 ingenium,
1020 1617 1290 1665 bibliothecas,
1333 1620 1492 1665 theatra,

172 1683 385 1729 convictus,
408 1682 445 1719 in
474 1682 616 1732 quibus
637 1683 792 1720 studere
821 1695 861 1720 se
888 1684 1106 1731 voluptates
1135 1696 1214 1720 non
1239 1682 1422 1729 sentiunt,
1444 1684 1495 1721 ad

172 1760 365 1785 summam
401 1747 579 1784 omnium
619 1746 682 1784 illa
713 1760 814 1796 quae
848 1747 1003 1784 delicati
1043 1747 1270 1796 reliquimus
1303 1747 1495 1785 desidera-

174 1825 258 1849 mus
280 1811 388 1861 quasi
417 1810 601 1849 destituti.
662 1811 828 1849 Accedit
848 1811 908 1848 his
930 1811 1225 1861 municipalium
1246 1811 1382 1861 robigo
1403 1813 1495 1850 den—

174 1876 269 1914 tium
300 1884 336 1914 et
367 1875 484 1913 iudici
515 1877 603 1913 loco
633 1875 738 1922 livor,
766 1884 803 1913 et
823 1889 923 1912 unus
952 1883 1018 1913 aut
1048 1877 1142 1913 alter
1168 1875 1269 1921 mali,
1293 1875 1331 1912 in
1352 1876 1494 1924 pusillo

173 1943 260 1978 loco
278 1939 387 1978 multi
403 1955 412 1987 3
441 1941 625 1978 adversus
643 1941 751 1989 quod
768 1939 924 1977 difficile
945 1948 1001 1977 est
1022 1941 1166 1978 habere
1182 1940 1326 1978 cotidie
1343 1941 1493 1978 bonum

173 2006 445 2043 stomachum:
484 2018 533 2042 ne
564 2004 710 2042 mireris
741 2004 854 2054 igitur
883 2004 1036 2042 abiecta
1061 2005 1112 2042 ab
1135 2005 1363 2054 indignante
1393 2018 1494 2054 quae

171 2084 192 2107 a
227 2069 415 2119 gestiente
447 2069 527 2107 ficri
563 2069 752 2107 solebant.
812 2071 874 2107 Ne
908 2069 1001 2118 quid
1037 2077 1168 2107 tamen
1200 2077 1237 2107 et
1270 2069 1493 2108 advenienti

215 2173 317 2213 Epist.
363 2184 382 2202 2
407 2183 474 2212 quo
502 2172 574 2203 CA:
611 2183 675 2203 om.
711 2171 767 2201 ΒΑ
900 2183 918 2210 4
944 2177 979 2202 ut
1007 2171 1084 2203 BA:
1117 2183 1182 2203 0111.
1214 2173 1262 2203 CA
1352 2173 1492 2215 nedum]

173 2218 250 2247 dum
267 2216 315 2247 CA
446 2226 464 2255 5
489 2216 713 2246 sollicitudine
729 2214 783 2245 BA
909 2226 929 2254 9
953 2215 1104 2254 litigasse
1121 2216 1182 2254 PQ
1304 2227 1342 2247 10
1365 2216 1494 2255 suptili-

173 2265 274 2290 tatem
294 2259 341 2289 CA
501 2269 538 2288 12
563 2263 752 2289 conuentus
768 2258 831 2297 PQ
897 2259 929 2288 in
948 2259 1084 2299 quibus]
1103 2259 1258 2289 omnibus
1276 2259 1324 2290 CA
1400 2260 1493 2290 volu-

173 2308 283 2342 ptates
301 2302 376 2332 Ital.
393 2314 399 2332 :
433 2302 660 2340 uoluptatibus
679 2302 731 2331 ΒΑ
749 2313 756 2332 :
795 2301 947 2342 uoluan
970 2306 1056 2331 tates
1083 2301 1130 2332 CA
1156 2308 1163 2337 ιζ
1174 2307 1236 2342 pro
1252 2302 1493 2343 volumptates)

177 2357 214 2385 13
240 2345 373 2376 delicati
391 2345 445 2375 BA
462 2356 467 2374 :
495 2345 636 2376 delicate
657 2345 705 2376 CA
776 2345 823 2374 rel
840 2369 847 2376 .
869 2369 876 2376 .
895 2368 902 2375 .
923 2345 1006 2375 dest.
1028 2355 1092 2375 0111.
1111 2345 1165 2374 BA
1184 2350 1334 2386 rpropter
1345 2346 1493 2376 homoeo-

173 2390 219 2420 ld.
240 2390 294 2430 -ti)
443 2398 480 2427 15
504 2388 623 2419 iudicis
644 2387 721 2419 BA:
745 2387 856 2419 iudicii
883 2388 931 2419 CA
1020 2388 1114 2429 mali]
1132 2388 1187 2418 alii
1204 2388 1259 2418 ΒΑ
