1684 2763
207 137 262 174 M.
286 137 408 175 VAL.
442 138 758 177 MARTIALIS

701 250 818 287 LVII

205 318 368 369 Argenti
396 318 535 357 libram
566 319 749 358 mittebas
763 335 773 368 3
810 321 913 358 facta
941 320 1082 359 selibra
1110 328 1180 368 est,

260 385 329 422 sed
359 384 514 435 piperis.
573 384 692 423 Tanti
722 398 803 424 non
833 399 934 433 emo,
967 386 1093 433 Sexte,
1125 386 1245 437 piper.

694 502 835 538 LVIII

208 571 378 609 Anxuris
407 571 591 621 aequorei
621 570 809 620 placidos,
844 570 1042 617 Frontine,
1072 584 1248 610 recessus

262 642 300 672 et
330 633 490 684 propius
522 633 635 671 Baias
665 632 924 682 litoreamque
954 633 1131 680 domurn,

209 707 246 737 et
276 700 384 748 quod
415 699 654 736 inhumanae
684 711 827 736 cancro
857 699 1030 736 fervente
1059 697 1221 737 cicadae

262 777 343 802 non
374 777 518 802 novere
549 777 700 810 nemus,
733 762 1024 813 flumineosque
1053 764 1162 802 lacus

209 831 304 867 dum
335 829 450 876 colui,
482 830 620 867 doctas
649 836 780 867 tecum
811 829 1008 867 celebrare
1037 829 1202 867 vacabat
1527 846 1544 877 5

265 895 438 933 Pieridas
453 909 463 942 3
500 908 607 933 nunc
637 907 710 933 nos
740 894 910 932 maxima
940 896 1071 933 Roma
1101 895 1198 933 terit.

213 960 292 998 Hic
322 960 418 997 mihi
448 961 610 1010 quando
640 960 723 998 dies
754 973 865 998 meus
895 961 982 998 est?
1020 959 1211 998 iactamur
1239 959 1278 998 in
1308 962 1389 999 alto

265 1025 382 1072 urbis,
415 1034 453 1063 et
482 1025 521 1062 in
552 1025 670 1063 sterili
699 1025 778 1063 vita
807 1025 941 1063 labore
971 1024 1081 1075 perit,

212 1093 309 1129 dura
338 1090 554 1129 suburbani
584 1092 680 1129 dum
711 1090 842 1140 iugera
872 1090 1069 1140 pascimus
1098 1090 1178 1140 agri

266 1156 497 1206 vicinosque
526 1155 607 1201 tibi,
640 1163 775 1193 sancte
805 1155 982 1204 Quirine,
1014 1157 1122 1193 lares.
1510 1171 1549 1193 10

214 1223 291 1260 Sed
322 1235 402 1259 non
432 1223 538 1259 solus
567 1228 673 1258 amat
702 1220 769 1270 qui
799 1228 916 1258 noete
945 1219 1090 1270 dieque
1119 1221 1341 1270 frequentat

267 1283 403 1322 limina
432 1297 506 1322 nec
535 1291 663 1321 vatem
695 1283 786 1321 talia
815 1284 962 1321 damna
990 1283 1143 1320 decent.

214 1364 282 1400 per
311 1350 534 1388 veneranda
565 1348 660 1386 mihi
693 1350 898 1386 Musarum
928 1361 1047 1394 sacra,
1079 1360 1148 1397 per
1176 1360 1315 1385 omnes

270 1415 353 1453 iuro
383 1416 504 1453 deos:
547 1416 597 1452 Et
626 1427 707 1452 non
738 1413 936 1452 officiosus
965 1426 1067 1451 amo.

728 1525 824 1562 LIX

218 1599 466 1647 Consumpta
496 1604 553 1634 est
583 1609 663 1634 uno
693 1595 722 1633 si
753 1597 939 1633 lemmate
968 1593 1120 1644 pagina,
1153 1593 1305 1641 transis,

272 1671 309 1701 et
339 1661 517 1700 breviora
546 1660 627 1708 tibi,
660 1674 741 1698 non
772 1659 933 1698 meliora
963 1660 1130 1709 placent.

219 1727 328 1766 dives
358 1736 395 1765 et
426 1741 472 1765 ex
501 1726 611 1764 omni
641 1726 769 1775 posita
799 1733 857 1763 est
887 1725 1077 1763 instructa
1107 1725 1272 1762 macello

273 1805 372 1830 cena
401 1791 483 1838 tibi,
515 1792 585 1829 sed
615 1799 653 1829 te
683 1798 830 1829 mattea
859 1791 942 1828 sola
972 1789 1088 1827 iuvat.

222 1859 315 1895 Non
345 1870 444 1907 opus
475 1863 533 1894 est
562 1855 677 1894 nobis
708 1854 874 1892 nimium
904 1855 1051 1892 lectore
1079 1855 1245 1903 guloso;
1538 1868 1554 1899 5

275 1924 381 1960 hunc
411 1923 512 1968 volo,
545 1934 625 1959 non
656 1921 722 1958 fiat
752 1919 818 1970 qui
849 1919 934 1957 sine
964 1932 1065 1969 pane
1095 1927 1210 1956 satur.

746 2032 819 2068 LX

225 2106 316 2142 Iura
345 2102 460 2140 trium
490 2101 601 2152 petiit
630 2115 653 2140 a
684 2102 852 2141 Caesare
882 2099 1165 2149 discipulorum

277 2169 463 2206 adsuetus
492 2180 646 2217 semper
678 2168 832 2204 Munna
860 2166 1002 2203 docere
1031 2165 1143 2202 duos.

272 2270 520 2302 LVII—LXXII
549 2271 638 2301 (cnm
658 2269 732 2300 LVI
754 2269 830 2309 7—8)
849 2279 914 2299 om.
937 2267 986 2298 CA
1004 2266 1276 2306 (pluribnsfoliis
1292 2265 1440 2306 amissis)

272 2314 365 2346 LVII
390 2315 462 2345 lzal).
480 2314 509 2344 T
526 2318 554 2344 ct
572 2317 663 2354 gpost
682 2313 772 2352 LIX,
787 2322 928 2353 quocum
948 2310 1079 2350 conflat)
1095 2310 1127 2340 R
1320 2308 1402 2340 LIX
1426 2319 1475 2339 vv.
1494 2309 1559 2346 5-6

227 2359 300 2389 hab.
316 2357 349 2387 R
436 2359 457 2387 6
480 2359 535 2397 qui
554 2358 611 2388 fiat
629 2368 696 2387 non
715 2356 769 2386 ΒΑ
858 2365 945 2396 pane
961 2354 1022 2384 ΑΛ
1039 2365 1046 2385 t
1069 2363 1158 2393 pene
1175 2352 1231 2382 BA
1452 2351 1515 2382 LX
1539 2361 1558 2381 2

228 2407 385 2434 assuetus
403 2401 467 2433 cod.
