<?xml version="1.0" encoding="UTF-8"?>
<!DOCTYPE html PUBLIC "-//W3C//DTD XHTML 1.0 Transitional//EN"
    "http://www.w3.org/TR/xhtml1/DTD/xhtml1-transitional.dtd">
<html xmlns="http://www.w3.org/1999/xhtml" xml:lang="en" lang="en">
 <head>
  <title>
</title>
<meta http-equiv="Content-Type" content="text/html;charset=utf-8" />
  <meta name='ocr-system' content='tesseract 3.04.00' />
  <meta name='ocr-capabilities' content='ocr_page ocr_carea ocr_par ocr_line ocrx_word'/>
</head>
<body>
  <div class='ocr_page' id='page_1' title='image "./epigrammatarecog00martuoft/epigrammatarecog00martuoft_0237.png"; bbox 0 0 1684 2763; ppageno 0'>
   <div class='ocr_carea' id='block_1_1' title="bbox 786 140 1499 178">
    <p class='ocr_par' dir='ltr' id='par_1_1' title="bbox 786 140 1499 178">
     <span class='ocr_line' id='line_1_1' title="bbox 786 140 1499 178; baseline 0.003 -3"><span class='ocrx_word' id='word_1_1' title='bbox 786 140 1251 177; x_wconf 72' lang='lat' dir='ltr'>EPIGRAMMATON</span> <span class='ocrx_word' id='word_1_2' title='bbox 1286 141 1336 178; x_wconf 82' lang='lat' dir='ltr'>LI</span> <span class='ocrx_word' id='word_1_3' title='bbox 1348 142 1384 177; x_wconf 71' lang='lat'><em>1-3.</em></span> <span class='ocrx_word' id='word_1_4' title='bbox 1422 142 1499 177; x_wconf 68' lang='lat' dir='ltr'>x&#39;li</span> 
     </span>
    </p>
   </div>
   <div class='ocr_carea' id='block_1_2' title="bbox 172 249 1280 584">
    <p class='ocr_par' dir='ltr' id='par_1_2' title="bbox 172 249 1280 584">
     <span class='ocr_line' id='line_1_2' title="bbox 172 249 1145 299; baseline 0.001 -12"><span class='ocrx_word' id='word_1_5' title='bbox 172 257 210 287; x_wconf 77' lang='lat' dir='ltr'>at</span> <span class='ocrx_word' id='word_1_6' title='bbox 241 249 309 287; x_wconf 85' lang='lat' dir='ltr'>tibi</span> <span class='ocrx_word' id='word_1_7' title='bbox 339 249 494 299; x_wconf 84' lang='lat' dir='ltr'>captivo</span> <span class='ocrx_word' id='word_1_8' title='bbox 524 251 692 287; x_wconf 82' lang='lat' dir='ltr'>famulus</span> <span class='ocrx_word' id='word_1_9' title='bbox 723 249 897 287; x_wconf 74' lang='lat' dir='ltr'>mittetur</span> <span class='ocrx_word' id='word_1_10' title='bbox 925 249 975 287; x_wconf 83' lang='lat' dir='ltr'>ab</span> <span class='ocrx_word' id='word_1_11' title='bbox 1008 250 1145 288; x_wconf 83' lang='lat' dir='ltr'>Histro</span> 
     </span>
     <span class='ocr_line' id='line_1_3' title="bbox 226 314 1023 364; baseline 0 -13"><span class='ocrx_word' id='word_1_12' title='bbox 226 315 292 364; x_wconf 76' lang='lat' dir='ltr'>qui</span> <span class='ocrx_word' id='word_1_13' title='bbox 322 315 549 353; x_wconf 76' lang='lat' dir='ltr'>&#39;I&#39;iburtinas</span> <span class='ocrx_word' id='word_1_14' title='bbox 580 328 738 364; x_wconf 81' lang='lat' dir='ltr'>pascere</span> <span class='ocrx_word' id='word_1_15' title='bbox 768 314 891 364; x_wconf 79' lang='lat' dir='ltr'>possit</span> <span class='ocrx_word' id='word_1_16' title='bbox 920 328 1023 352; x_wconf 85' lang='lat' dir='ltr'>oves.</span> 
     </span>
     <span class='ocr_line' id='line_1_4' title="bbox 637 404 807 439; baseline 0 0"><span class='ocrx_word' id='word_1_17' title='bbox 637 404 807 439; x_wconf 86' lang='lat' dir='ltr'>LXXXI</span> 
     </span>
     <span class='ocr_line' id='line_1_5' title="bbox 173 471 1199 522; baseline 0 -13"><span class='ocrx_word' id='word_1_18' title='bbox 173 472 371 522; x_wconf 70' lang='lat' dir='ltr'>‘&#39;l&#39;riginta</span> <span class='ocrx_word' id='word_1_19' title='bbox 401 480 483 511; x_wconf 88' lang='lat' dir='ltr'>toto</span> <span class='ocrx_word' id='word_1_20' title='bbox 515 474 615 510; x_wconf 81' lang='lat' dir='ltr'>mala</span> <span class='ocrx_word' id='word_1_21' title='bbox 645 479 736 510; x_wconf 87' lang='lat' dir='ltr'>sunt</span> <span class='ocrx_word' id='word_1_22' title='bbox 765 471 1046 521; x_wconf 75' lang='lat' dir='ltr'>epigrammata</span> <span class='ocrx_word' id='word_1_23' title='bbox 1077 472 1199 510; x_wconf 85' lang='lat' dir='ltr'>libro.&#39;</span> 
     </span>
     <span class='ocr_line' id='line_1_6' title="bbox 224 537 1280 584; baseline 0.003 -11"><span class='ocrx_word' id='word_1_24' title='bbox 224 537 261 574; x_wconf 77' lang='lat' dir='ltr'>si</span> <span class='ocrx_word' id='word_1_25' title='bbox 293 537 457 576; x_wconf 82' lang='lat' dir='ltr'>totidem</span> <span class='ocrx_word' id='word_1_26' title='bbox 488 538 593 575; x_wconf 83' lang='lat' dir='ltr'>bona</span> <span class='ocrx_word' id='word_1_27' title='bbox 622 545 724 583; x_wconf 82' lang='lat' dir='ltr'>sunt,</span> <span class='ocrx_word' id='word_1_28' title='bbox 756 539 896 584; x_wconf 87' lang='lat' dir='ltr'>Lause,</span> <span class='ocrx_word' id='word_1_29' title='bbox 928 538 1056 576; x_wconf 83' lang='lat' dir='ltr'>bonus</span> <span class='ocrx_word' id='word_1_30' title='bbox 1087 538 1183 576; x_wconf 87' lang='lat' dir='ltr'>liber</span> <span class='ocrx_word' id='word_1_31' title='bbox 1212 546 1280 576; x_wconf 77' lang='lat' dir='ltr'>est.</span> 
     </span>
    </p>
   </div>
   <div class='ocr_carea' id='block_1_3' title="bbox 167 621 1494 1286">
    <p class='ocr_par' dir='ltr' id='par_1_3' title="bbox 167 621 1494 1286">
     <span class='ocr_line' id='line_1_7' title="bbox 630 621 827 657; baseline 0 0"><span class='ocrx_word' id='word_1_32' title='bbox 630 621 827 657; x_wconf 81' lang='lat' dir='ltr'>LXXXII</span> 
     </span>
     <span class='ocr_line' id='line_1_8' title="bbox 172 689 1153 739; baseline 0.003 -13"><span class='ocrx_word' id='word_1_33' title='bbox 172 689 393 739; x_wconf 75' lang='lat' dir='ltr'>Menophili</span> <span class='ocrx_word' id='word_1_34' title='bbox 423 703 564 739; x_wconf 85' lang='lat' dir='ltr'>penem</span> <span class='ocrx_word' id='word_1_35' title='bbox 596 697 674 727; x_wconf 88' lang='lat' dir='ltr'>tam</span> <span class='ocrx_word' id='word_1_36' title='bbox 705 689 861 738; x_wconf 73' lang='lat' dir='ltr'>grandis</span> <span class='ocrx_word' id='word_1_37' title='bbox 892 691 1011 728; x_wconf 81' lang='lat' dir='ltr'>fibula</span> <span class='ocrx_word' id='word_1_38' title='bbox 1041 691 1153 729; x_wconf 80' lang='lat' dir='ltr'>vestit</span> 
     </span>
     <span class='ocr_line' id='line_1_9' title="bbox 223 754 1025 793; baseline 0.001 -1"><span class='ocrx_word' id='word_1_39' title='bbox 223 764 263 792; x_wconf 89' lang='lat' dir='ltr'>ut</span> <span class='ocrx_word' id='word_1_40' title='bbox 293 755 340 792; x_wconf 88' lang='lat' dir='ltr'>sit</span> <span class='ocrx_word' id='word_1_41' title='bbox 369 755 572 793; x_wconf 85' lang='lat' dir='ltr'>comoedis</span> <span class='ocrx_word' id='word_1_42' title='bbox 601 754 786 792; x_wconf 85' lang='lat' dir='ltr'>omnibus</span> <span class='ocrx_word' id='word_1_43' title='bbox 817 769 894 793; x_wconf 91' lang='lat' dir='ltr'>una</span> <span class='ocrx_word' id='word_1_44' title='bbox 924 755 1025 793; x_wconf 85' lang='lat' dir='ltr'>satis.</span> 
     </span>
     <span class='ocr_line' id='line_1_10' title="bbox 168 819 1424 870; baseline 0.003 -14"><span class='ocrx_word' id='word_1_45' title='bbox 168 821 272 857; x_wconf 82' lang='lat' dir='ltr'>hunc</span> <span class='ocrx_word' id='word_1_46' title='bbox 302 833 375 869; x_wconf 76' lang='lat' dir='ltr'>ego</span> <span class='ocrx_word' id='word_1_47' title='bbox 404 819 795 858; x_wconf 36' lang='lat' dir='ltr'>credideramssnam</span> <span class='ocrx_word' id='word_1_48' title='bbox 826 834 943 870; x_wconf 86' lang='lat' dir='ltr'>saepe</span> <span class='ocrx_word' id='word_1_49' title='bbox 972 822 1146 859; x_wconf 78' lang='lat' dir='ltr'>lavamur</span> <span class='ocrx_word' id='word_1_50' title='bbox 1176 821 1214 859; x_wconf 91' lang='lat' dir='ltr'>in</span> <span class='ocrx_word' id='word_1_51' title='bbox 1245 836 1424 860; x_wconf 85' lang='lat' dir='ltr'>unum——</span> 
     </span>
     <span class='ocr_line' id='line_1_11' title="bbox 221 884 1084 934; baseline 0.002 -12"><span class='ocrx_word' id='word_1_52' title='bbox 221 885 430 922; x_wconf 85' lang='lat' dir='ltr'>sollicitum</span> <span class='ocrx_word' id='word_1_53' title='bbox 461 884 548 923; x_wconf 83' lang='lat' dir='ltr'>voci</span> <span class='ocrx_word' id='word_1_54' title='bbox 578 899 746 934; x_wconf 76' lang='lat' dir='ltr'>parcere,</span> <span class='ocrx_word' id='word_1_55' title='bbox 780 887 930 932; x_wconf 84' lang='lat' dir='ltr'>Flacce,</span> <span class='ocrx_word' id='word_1_56' title='bbox 963 900 1084 924; x_wconf 84' lang='lat' dir='ltr'>suae:</span> 
     </span>
     <span class='ocr_line' id='line_1_12' title="bbox 167 950 1494 1001; baseline 0.002 -14"><span class='ocrx_word' id='word_1_57' title='bbox 167 951 261 987; x_wconf 85' lang='lat' dir='ltr'>dum</span> <span class='ocrx_word' id='word_1_58' title='bbox 293 950 390 989; x_wconf 81' lang='lat' dir='ltr'>ludit</span> <span class='ocrx_word' id='word_1_59' title='bbox 421 950 551 988; x_wconf 84' lang='lat' dir='ltr'>media</span> <span class='ocrx_word' id='word_1_60' title='bbox 579 952 728 999; x_wconf 91' lang='lat' dir='ltr'>populo</span> <span class='ocrx_word' id='word_1_61' title='bbox 757 959 960 1000; x_wconf 73' lang='lat' dir='ltr'>spectante</span> <span class='ocrx_word' id='word_1_62' title='bbox 989 953 1190 1001; x_wconf 88' lang='lat' dir='ltr'>palaestra,</span> <span class='ocrx_word' id='word_1_63' title='bbox 1479 971 1494 1000; x_wconf 74' lang='lat'><em>5</em></span> 
     </span>
     <span class='ocr_line' id='line_1_13' title="bbox 220 1014 1119 1065; baseline 0.001 -12"><span class='ocrx_word' id='word_1_64' title='bbox 220 1016 381 1064; x_wconf 87' lang='lat' dir='ltr'>delapsa</span> <span class='ocrx_word' id='word_1_65' title='bbox 410 1023 468 1053; x_wconf 88' lang='lat' dir='ltr'>est</span> <span class='ocrx_word' id='word_1_66' title='bbox 498 1014 640 1053; x_wconf 86' lang='lat' dir='ltr'>misero</span> <span class='ocrx_word' id='word_1_67' title='bbox 670 1016 816 1053; x_wconf 85' lang='lat' dir='ltr'>fibula:</span> <span class='ocrx_word' id='word_1_68' title='bbox 856 1028 998 1065; x_wconf 80' lang='lat' dir='ltr'>verpus</span> <span class='ocrx_word' id='word_1_69' title='bbox 1029 1024 1119 1054; x_wconf 89' lang='lat' dir='ltr'>erat.</span> 
     </span>
     <span class='ocr_line' id='line_1_14' title="bbox 615 1104 837 1140; baseline 0 -1"><span class='ocrx_word' id='word_1_70' title='bbox 615 1104 837 1140; x_wconf 82' lang='lat' dir='ltr'>LXXXIII</span> 
     </span>
     <span class='ocr_line' id='line_1_15' title="bbox 170 1172 1151 1223; baseline 0.002 -14"><span class='ocrx_word' id='word_1_71' title='bbox 170 1173 402 1221; x_wconf 81' lang='lat' dir='ltr'>Eutrapelus</span> <span class='ocrx_word' id='word_1_72' title='bbox 432 1179 567 1210; x_wconf 77' lang='lat' dir='ltr'>tonsor</span> <span class='ocrx_word' id='word_1_73' title='bbox 596 1173 691 1210; x_wconf 87' lang='lat' dir='ltr'>dum</span> <span class='ocrx_word' id='word_1_74' title='bbox 722 1172 857 1210; x_wconf 90' lang='lat' dir='ltr'>circuit</span> <span class='ocrx_word' id='word_1_75' title='bbox 887 1186 955 1211; x_wconf 89' lang='lat' dir='ltr'>ora</span> <span class='ocrx_word' id='word_1_76' title='bbox 984 1173 1151 1223; x_wconf 81' lang='lat' dir='ltr'>Luperci</span> 
     </span>
     <span class='ocr_line' id='line_1_16' title="bbox 219 1236 1076 1286; baseline 0.004 -13"><span class='ocrx_word' id='word_1_77' title='bbox 219 1236 472 1286; x_wconf 78' lang='lat' dir='ltr'>expingitque</span> <span class='ocrx_word' id='word_1_78' title='bbox 500 1250 631 1286; x_wconf 80' lang='lat' dir='ltr'>genas,</span> <span class='ocrx_word' id='word_1_79' title='bbox 662 1239 782 1276; x_wconf 84' lang='lat' dir='ltr'>altera</span> <span class='ocrx_word' id='word_1_80' title='bbox 812 1238 932 1275; x_wconf 87' lang='lat' dir='ltr'>barba</span> <span class='ocrx_word' id='word_1_81' title='bbox 961 1238 1076 1276; x_wconf 83' lang='lat' dir='ltr'>subit.</span> 
     </span>
    </p>
   </div>
   <div class='ocr_carea' id='block_1_4' title="bbox 164 1333 1490 1774">
    <p class='ocr_par' dir='ltr' id='par_1_4' title="bbox 164 1333 1490 1774">
     <span class='ocr_line' id='line_1_17' title="bbox 620 1333 834 1369; baseline 0 -1"><span class='ocrx_word' id='word_1_82' title='bbox 620 1333 834 1369; x_wconf 86' lang='lat' dir='ltr'>LXXXIV</span> 
     </span>
     <span class='ocr_line' id='line_1_18' title="bbox 168 1401 1186 1451; baseline 0.005 -15"><span class='ocrx_word' id='word_1_83' title='bbox 168 1402 274 1437; x_wconf 83' lang='lat' dir='ltr'>Dum</span> <span class='ocrx_word' id='word_1_84' title='bbox 306 1414 393 1438; x_wconf 85' lang='lat' dir='ltr'>mea</span> <span class='ocrx_word' id='word_1_85' title='bbox 423 1401 597 1440; x_wconf 88' lang='lat' dir='ltr'>Caecilio</span> <span class='ocrx_word' id='word_1_86' title='bbox 626 1403 814 1440; x_wconf 87' lang='lat' dir='ltr'>formatur</span> <span class='ocrx_word' id='word_1_87' title='bbox 843 1402 972 1451; x_wconf 84' lang='lat' dir='ltr'>imago</span> <span class='ocrx_word' id='word_1_88' title='bbox 1001 1404 1186 1441; x_wconf 88' lang='lat' dir='ltr'>Secundo</span> 
     </span>
     <span class='ocr_line' id='line_1_19' title="bbox 219 1464 1034 1515; baseline 0.002 -12"><span class='ocrx_word' id='word_1_89' title='bbox 219 1464 337 1514; x_wconf 82' lang='lat' dir='ltr'>spirat</span> <span class='ocrx_word' id='word_1_90' title='bbox 366 1473 403 1503; x_wconf 93' lang='lat' dir='ltr'>et</span> <span class='ocrx_word' id='word_1_91' title='bbox 432 1473 568 1515; x_wconf 81' lang='lat' dir='ltr'>arguta</span> <span class='ocrx_word' id='word_1_92' title='bbox 596 1466 700 1515; x_wconf 88' lang='lat' dir='ltr'>picta</span> <span class='ocrx_word' id='word_1_93' title='bbox 729 1467 872 1505; x_wconf 86' lang='lat' dir='ltr'>tabella</span> <span class='ocrx_word' id='word_1_94' title='bbox 902 1481 1034 1515; x_wconf 82' lang='lat' dir='ltr'>manu,</span> 
     </span>
     <span class='ocr_line' id='line_1_20' title="bbox 164 1529 1349 1582; baseline 0.003 -15"><span class='ocrx_word' id='word_1_95' title='bbox 164 1530 186 1575; x_wconf 89' lang='lat' dir='ltr'>i,</span> <span class='ocrx_word' id='word_1_96' title='bbox 218 1529 325 1575; x_wconf 90' lang='lat' dir='ltr'>liber,</span> <span class='ocrx_word' id='word_1_97' title='bbox 357 1532 408 1569; x_wconf 90' lang='lat' dir='ltr'>ad</span> <span class='ocrx_word' id='word_1_98' title='bbox 439 1530 618 1569; x_wconf 78' lang='lat' dir='ltr'>Geticam</span> <span class='ocrx_word' id='word_1_99' title='bbox 650 1534 807 1570; x_wconf 89' lang='lat' dir='ltr'>Peucen</span> <span class='ocrx_word' id='word_1_100' title='bbox 840 1532 1100 1582; x_wconf 83' lang='lat' dir='ltr'>Histrumque</span> <span class='ocrx_word' id='word_1_101' title='bbox 1130 1532 1349 1571; x_wconf 87' lang='lat' dir='ltr'>iacentem:</span> 
     </span>
     <span class='ocr_line' id='line_1_21' title="bbox 218 1596 1141 1646; baseline 0.003 -14"><span class='ocrx_word' id='word_1_102' title='bbox 218 1596 315 1633; x_wconf 85' lang='lat' dir='ltr'>haec</span> <span class='ocrx_word' id='word_1_103' title='bbox 345 1596 431 1633; x_wconf 83' lang='lat' dir='ltr'>loca</span> <span class='ocrx_word' id='word_1_104' title='bbox 460 1596 689 1645; x_wconf 87' lang='lat' dir='ltr'>perdomitis</span> <span class='ocrx_word' id='word_1_105' title='bbox 718 1597 902 1646; x_wconf 80' lang='lat' dir='ltr'>gentibus</span> <span class='ocrx_word' id='word_1_106' title='bbox 931 1597 995 1635; x_wconf 90' lang='lat' dir='ltr'>ille</span> <span class='ocrx_word' id='word_1_107' title='bbox 1025 1605 1141 1635; x_wconf 90' lang='lat' dir='ltr'>tenet.</span> 
     </span>
     <span class='ocr_line' id='line_1_22' title="bbox 165 1660 1490 1710; baseline 0.003 -13"><span class='ocrx_word' id='word_1_108' title='bbox 165 1673 281 1708; x_wconf 87' lang='lat' dir='ltr'>parva</span> <span class='ocrx_word' id='word_1_109' title='bbox 310 1660 422 1698; x_wconf 87' lang='lat' dir='ltr'>dabis</span> <span class='ocrx_word' id='word_1_110' title='bbox 452 1674 542 1698; x_wconf 88' lang='lat' dir='ltr'>caro</span> <span class='ocrx_word' id='word_1_111' title='bbox 571 1663 641 1699; x_wconf 85' lang='lat' dir='ltr'>sed</span> <span class='ocrx_word' id='word_1_112' title='bbox 671 1662 802 1699; x_wconf 89' lang='lat' dir='ltr'>dulcia</span> <span class='ocrx_word' id='word_1_113' title='bbox 831 1663 937 1700; x_wconf 88' lang='lat' dir='ltr'>dona</span> <span class='ocrx_word' id='word_1_114' title='bbox 966 1662 1119 1700; x_wconf 91' lang='lat' dir='ltr'>sodali:</span> <span class='ocrx_word' id='word_1_115' title='bbox 1474 1679 1490 1710; x_wconf 81' lang='lat'><strong><em>5</em></strong></span> 
     </span>
     <span class='ocr_line' id='line_1_23' title="bbox 218 1724 1072 1774; baseline 0.004 -12"><span class='ocrx_word' id='word_1_116' title='bbox 218 1724 357 1763; x_wconf 88' lang='lat' dir='ltr'>certior</span> <span class='ocrx_word' id='word_1_117' title='bbox 386 1725 425 1762; x_wconf 90' lang='lat' dir='ltr'>in</span> <span class='ocrx_word' id='word_1_118' title='bbox 455 1733 588 1764; x_wconf 85' lang='lat' dir='ltr'>nostro</span> <span class='ocrx_word' id='word_1_119' title='bbox 618 1726 790 1765; x_wconf 89' lang='lat' dir='ltr'>carmine</span> <span class='ocrx_word' id='word_1_120' title='bbox 819 1729 948 1765; x_wconf 86' lang='lat' dir='ltr'>vultus</span> <span class='ocrx_word' id='word_1_121' title='bbox 978 1727 1072 1774; x_wconf 70' lang='lat' dir='ltr'>erit:</span> 
     </span>
    </p>
   </div>
   <div class='ocr_carea' id='block_1_5' title="bbox 164 1789 1068 1907">
    <p class='ocr_par' dir='ltr' id='par_1_5' title="bbox 164 1789 1068 1907">
     <span class='ocr_line' id='line_1_24' title="bbox 164 1789 1068 1837; baseline 0.003 -10"><span class='ocrx_word' id='word_1_122' title='bbox 164 1789 317 1827; x_wconf 83' lang='lat' dir='ltr'>casibus</span> <span class='ocrx_word' id='word_1_123' title='bbox 348 1790 410 1828; x_wconf 89' lang='lat' dir='ltr'>hic</span> <span class='ocrx_word' id='word_1_124' title='bbox 441 1790 568 1837; x_wconf 88' lang='lat' dir='ltr'>nullis,</span> <span class='ocrx_word' id='word_1_125' title='bbox 601 1791 716 1829; x_wconf 89' lang='lat' dir='ltr'>nullis</span> <span class='ocrx_word' id='word_1_126' title='bbox 747 1792 926 1830; x_wconf 87' lang='lat' dir='ltr'>delebilis</span> <span class='ocrx_word' id='word_1_127' title='bbox 955 1792 1068 1830; x_wconf 85' lang='lat' dir='ltr'>annis</span> 
     </span>
     <span class='ocr_line' id='line_1_25' title="bbox 216 1854 1048 1907; baseline 0.005 -16"><span class='ocrx_word' id='word_1_128' title='bbox 216 1854 328 1901; x_wconf 81' lang='lat' dir='ltr'>vivet,</span> <span class='ocrx_word' id='word_1_129' title='bbox 360 1856 569 1904; x_wconf 89' lang='lat' dir='ltr'>Apelleum</span> <span class='ocrx_word' id='word_1_130' title='bbox 600 1869 691 1894; x_wconf 91' lang='lat' dir='ltr'>curn</span> <span class='ocrx_word' id='word_1_131' title='bbox 722 1857 909 1895; x_wconf 88' lang='lat' dir='ltr'>morietur</span> <span class='ocrx_word' id='word_1_132' title='bbox 937 1871 1048 1907; x_wconf 90' lang='lat' dir='ltr'>opus.</span> 
     </span>
    </p>
   </div>
   <div class='ocr_carea' id='block_1_6' title="bbox 602 1939 795 1976">
    <p class='ocr_par' dir='ltr' id='par_1_6' title="bbox 602 1939 795 1976">
     <span class='ocr_line' id='line_1_26' title="bbox 602 1939 795 1976; baseline 0.005 -1"><span class='ocrx_word' id='word_1_133' title='bbox 602 1939 795 1976; x_wconf 89' lang='lat' dir='ltr'>LXXXV</span> 
     </span>
    </p>
   </div>
   <div class='ocr_carea' id='block_1_7' title="bbox 164 2007 1227 2124">
    <p class='ocr_par' dir='ltr' id='par_1_7' title="bbox 164 2007 1227 2124">
     <span class='ocr_line' id='line_1_27' title="bbox 164 2007 1227 2060; baseline 0.005 -17"><span class='ocrx_word' id='word_1_134' title='bbox 164 2007 285 2054; x_wconf 82' lang='lat' dir='ltr'>Quod</span> <span class='ocrx_word' id='word_1_135' title='bbox 314 2020 394 2045; x_wconf 88' lang='lat' dir='ltr'>non</span> <span class='ocrx_word' id='word_1_136' title='bbox 425 2007 571 2046; x_wconf 85' lang='lat' dir='ltr'>insulse</span> <span class='ocrx_word' id='word_1_137' title='bbox 600 2009 736 2048; x_wconf 88' lang='lat' dir='ltr'>scribis</span> <span class='ocrx_word' id='word_1_138' title='bbox 767 2010 991 2048; x_wconf 84' lang='lat' dir='ltr'>tetrasticha</span> <span class='ocrx_word' id='word_1_139' title='bbox 1021 2011 1227 2060; x_wconf 84' lang='lat' dir='ltr'>quaedam,</span> 
     </span>
     <span class='ocr_line' id='line_1_28' title="bbox 216 2071 1158 2124; baseline 0.005 -16"><span class='ocrx_word' id='word_1_140' title='bbox 216 2071 385 2110; x_wconf 85' lang='lat' dir='ltr'>disticha</span> <span class='ocrx_word' id='word_1_141' title='bbox 414 2074 522 2122; x_wconf 87' lang='lat' dir='ltr'>quod</span> <span class='ocrx_word' id='word_1_142' title='bbox 552 2074 654 2112; x_wconf 87' lang='lat' dir='ltr'>belle</span> <span class='ocrx_word' id='word_1_143' title='bbox 683 2088 819 2124; x_wconf 84' lang='lat' dir='ltr'>pauca,</span> <span class='ocrx_word' id='word_1_144' title='bbox 853 2076 1018 2122; x_wconf 82' lang='lat' dir='ltr'>Sabelle,</span> <span class='ocrx_word' id='word_1_145' title='bbox 1051 2075 1158 2121; x_wconf 79' lang='lat' dir='ltr'>facis,</span> 
     </span>
    </p>
   </div>
   <div class='ocr_carea' id='block_1_8' title="bbox 164 2175 1486 2348">
    <p class='ocr_par' dir='ltr' id='par_1_8' title="bbox 208 2175 792 2219">
     <span class='ocr_line' id='line_1_29' title="bbox 208 2175 792 2219; baseline 0.01 -15"><span class='ocrx_word' id='word_1_146' title='bbox 208 2175 339 2205; x_wconf 88' lang='lat' dir='ltr'>LXXX</span> <span class='ocrx_word' id='word_1_147' title='bbox 368 2187 405 2206; x_wconf 88' lang='lat'>12</span> <span class='ocrx_word' id='word_1_148' title='bbox 430 2183 545 2216; x_wconf 84' lang='lat' dir='ltr'>posset</span> <span class='ocrx_word' id='word_1_149' title='bbox 563 2178 611 2209; x_wconf 73' lang='lat' dir='ltr'>CA</span> <span class='ocrx_word' id='word_1_150' title='bbox 631 2180 698 2218; x_wconf 57' lang='lat' dir='ltr'>(Ae.</span> <span class='ocrx_word' id='word_1_151' title='bbox 717 2180 755 2210; x_wconf 87' lang='lat' dir='ltr'>-it</span> <span class='ocrx_word' id='word_1_152' title='bbox 766 2180 792 2219; x_wconf 70' lang='lat'>5³)</span> 
     </span>
    </p>

    <p class='ocr_par' dir='ltr' id='par_1_9' title="bbox 164 2218 1486 2304">
     <span class='ocr_line' id='line_1_30' title="bbox 208 2218 1486 2263; baseline 0.003 -16"><span class='ocrx_word' id='word_1_153' title='bbox 208 2218 373 2249; x_wconf 88' lang='lat' dir='ltr'>LXXXII</span> <span class='ocrx_word' id='word_1_154' title='bbox 399 2231 440 2250; x_wconf 81' lang='lat' dir='ltr'>vv</span> <span class='ocrx_word' id='word_1_155' title='bbox 466 2223 531 2259; x_wconf 81' lang='lat'>5-6</span> <span class='ocrx_word' id='word_1_156' title='bbox 546 2222 619 2252; x_wconf 77' lang='lat' dir='ltr'>hab.</span> <span class='ocrx_word' id='word_1_157' title='bbox 646 2223 674 2253; x_wconf 94' lang='lat' dir='ltr'><em>T</em></span> <span class='ocrx_word' id='word_1_158' title='bbox 800 2233 820 2263; x_wconf 86' lang='lat'>3</span> <span class='ocrx_word' id='word_1_159' title='bbox 836 2220 939 2253; x_wconf 75' lang='lat' dir='ltr'>unu‘m</span> <span class='ocrx_word' id='word_1_160' title='bbox 955 2223 1028 2254; x_wconf 70' lang='lat' dir='ltr'>BA:</span> <span class='ocrx_word' id='word_1_161' title='bbox 1054 2233 1123 2253; x_wconf 87' lang='lat' dir='ltr'>uno</span> <span class='ocrx_word' id='word_1_162' title='bbox 1141 2223 1190 2253; x_wconf 73' lang='lat' dir='ltr'>CA</span> <span class='ocrx_word' id='word_1_163' title='bbox 1297 2232 1316 2261; x_wconf 88' lang='lat'>5</span> <span class='ocrx_word' id='word_1_164' title='bbox 1341 2222 1421 2252; x_wconf 83' lang='lat' dir='ltr'>ledit</span> <span class='ocrx_word' id='word_1_165' title='bbox 1440 2222 1486 2251; x_wconf 55' lang='lat' dir='ltr'>CA</span> 
     </span>
     <span class='ocr_line' id='line_1_31' title="bbox 164 2261 1316 2304; baseline 0.006 -15"><span class='ocrx_word' id='word_1_166' title='bbox 164 2261 258 2299; x_wconf 78' lang='lat' dir='ltr'>(fort.</span> <span class='ocrx_word' id='word_1_167' title='bbox 279 2272 297 2291; x_wconf 83' lang='lat' dir='ltr'>a</span> <span class='ocrx_word' id='word_1_168' title='bbox 315 2263 362 2292; x_wconf 75' lang='lat' dir='ltr'>vel</span> <span class='ocrx_word' id='word_1_169' title='bbox 376 2274 396 2292; x_wconf 91' lang='lat' dir='ltr'>u</span> <span class='ocrx_word' id='word_1_170' title='bbox 413 2269 585 2304; x_wconf 80' lang='lat' dir='ltr'>superscr.)</span> <span class='ocrx_word' id='word_1_171' title='bbox 978 2266 1163 2296; x_wconf 87' lang='lat' dir='ltr'>LXXXIII</span> <span class='ocrx_word' id='word_1_172' title='bbox 1187 2266 1260 2296; x_wconf 79' lang='lat' dir='ltr'>hab.</span> <span class='ocrx_word' id='word_1_173' title='bbox 1286 2266 1316 2296; x_wconf 91' lang='lat' dir='ltr'><em>T</em></span> 
     </span>
    </p>

    <p class='ocr_par' dir='ltr' id='par_1_10' title="bbox 208 2304 1485 2348">
     <span class='ocr_line' id='line_1_32' title="bbox 208 2304 1485 2348; baseline 0.005 -15"><span class='ocrx_word' id='word_1_174' title='bbox 208 2304 389 2335; x_wconf 86' lang='lat' dir='ltr'>LXXXIV</span> <span class='ocrx_word' id='word_1_175' title='bbox 412 2317 431 2336; x_wconf 80' lang='lat'>2</span> <span class='ocrx_word' id='word_1_176' title='bbox 456 2318 591 2339; x_wconf 87' lang='lat' dir='ltr'>manum</span> <span class='ocrx_word' id='word_1_177' title='bbox 610 2309 657 2339; x_wconf 78' lang='lat' dir='ltr'>CA</span> <span class='ocrx_word' id='word_1_178' title='bbox 800 2320 820 2348; x_wconf 82' lang='lat'><strong>3</strong></span> <span class='ocrx_word' id='word_1_179' title='bbox 844 2310 933 2340; x_wconf 86' lang='lat' dir='ltr'>iom.</span> <span class='ocrx_word' id='word_1_180' title='bbox 952 2310 999 2339; x_wconf 71' lang='lat' dir='ltr'>CA</span> <span class='ocrx_word' id='word_1_181' title='bbox 1089 2314 1258 2340; x_wconf 87' lang='lat' dir='ltr'>tacentem</span> <span class='ocrx_word' id='word_1_182' title='bbox 1274 2309 1327 2339; x_wconf 70' lang='lat' dir='ltr'>BA</span> <span class='ocrx_word' id='word_1_183' title='bbox 1471 2318 1485 2344; x_wconf 86' lang='lat'>7</span> 
     </span>
    </p>
   </div>
   <div class='ocr_carea' id='block_1_9' title="bbox 161 2353 1323 2456">
    <p class='ocr_par' dir='ltr' id='par_1_11' title="bbox 161 2353 1323 2456">
     <span class='ocr_line' id='line_1_33' title="bbox 161 2353 1323 2426; baseline 0.006 -17"><span class='ocrx_word' id='word_1_184' title='bbox 161 2381 261 2411; x_wconf 88' lang='lat' dir='ltr'>nullis</span> <span class='ocrx_word' id='word_1_185' title='bbox 277 2383 377 2412; x_wconf 77' lang='lat' dir='ltr'>semel</span> <span class='ocrx_word' id='word_1_186' title='bbox 390 2382 438 2412; x_wconf 69' lang='lat' dir='ltr'>CA</span> <span class='ocrx_word' id='word_1_187' title='bbox 456 2385 543 2419; x_wconf 72' lang='lat' dir='ltr'>&lt;cnm</span> <span class='ocrx_word' id='word_1_188' title='bbox 561 2383 634 2423; x_wconf 70' lang='lat' dir='ltr'>LP)</span> <span class='ocrx_word' id='word_1_189' title='bbox 725 2385 844 2415; x_wconf 82' lang='lat' dir='ltr'>debilis</span> <span class='ocrx_word' id='word_1_190' title='bbox 862 2386 981 2416; x_wconf 85' lang='lat' dir='ltr'>flebilis</span> <span class='ocrx_word' id='word_1_191' title='bbox 1003 2385 1050 2416; x_wconf 74' lang='lat' dir='ltr'>CA</span> <span class='ocrx_word' id='word_1_192' title='bbox 1079 2386 1154 2426; x_wconf 80' lang='lat' dir='ltr'>(pro</span> <span class='ocrx_word' id='word_1_193' title='bbox 1170 2353 1323 2425; x_wconf 40' lang='lat' dir='ltr'>(Iebeilislg</span> 
     </span>
     <span class='ocr_line' id='line_1_34' title="bbox 207 2424 516 2456; baseline 0.01 -3"><span class='ocrx_word' id='word_1_194' title='bbox 207 2424 369 2455; x_wconf 88' lang='lat' dir='ltr'>LXXXV</span> <span class='ocrx_word' id='word_1_195' title='bbox 392 2426 464 2456; x_wconf 74' lang='lat' dir='ltr'>lzab.</span> <span class='ocrx_word' id='word_1_196' title='bbox 484 2426 516 2456; x_wconf 83' lang='lat' dir='ltr'><em>R</em></span> 
     </span>
    </p>
   </div>
  </div>
 </body>
</html>
