1684 2763
214 135 274 173 M?
300 134 423 173 VAL.
455 133 770 175 MARTIALIS

211 248 421 286 mullorum
451 248 709 298 leporumque
739 256 777 287 et
806 248 970 288 suminis
1001 247 1126 286 exitus
1156 247 1220 286 hic
1250 255 1320 294 est,

264 313 577 362 sulphureusque
607 315 715 352 color
743 313 1025 363 carnificesque
1054 313 1186 362 pedeS.
1502 328 1540 349 10

214 377 306 415 Non
336 377 493 415 Albana
521 377 617 415 mihi
647 377 695 416 sit
725 378 951 417 comissatio
981 377 1079 415 tanti

265 454 338 480 nec
368 441 615 492 Capitolinae
644 444 959 493 pontificumque
989 444 1111 492 dapes
1127 457 1137 490 3

212 507 365 556 inputet
393 506 476 556 ipse
505 508 602 545 deus
633 515 766 546 nectar
795 508 903 555 mihi,
934 509 1000 545 fiet
1029 514 1184 545 acetum

266 579 303 609 et
333 570 513 609 Vaticani
542 573 692 621 perfida
720 585 847 621 vappa
876 572 974 610 cadi.

214 635 410 674 Convivas
439 635 536 673 alios
566 649 750 674 cenarum
781 649 925 685 quaere
955 635 1137 685 magister
1507 650 1543 681 15

268 713 367 750 quos
397 700 552 749 capiant
582 714 742 739 mensae
771 715 889 751 regna
918 701 1087 750 superba
1115 708 1228 738 tuae:

216 784 278 808 me
307 784 418 808 meus
446 772 497 809 ad
527 771 675 810 subitas
706 771 841 810 invitet
871 771 1021 810 amicus
1051 772 1209 809 ofellas:

269 837 365 873 haec
395 835 489 872 mihi
521 849 639 886 quam
668 849 830 886 possum
860 837 1023 875 reddere
1053 849 1151 874 cena
1179 836 1317 886 placet.

734 936 870 972 XLIX

325 1010 498 1049 Crinitae
529 1010 627 1049 Line
656 1012 884 1061 paedagoge
913 1010 1061 1057 turbae,

324 1089 451 1114 rerum
481 1089 598 1125 quem
630 1076 836 1114 dominum
866 1083 980 1113 vocat
1009 1088 1165 1113 suarum

326 1149 362 1179 et
393 1140 515 1179 credit
545 1145 609 1178 cu'i
638 1140 869 1179 Postumilla
902 1140 1010 1178 dives

326 1219 512 1255 gemmas,
542 1219 669 1252 aurea,
700 1205 799 1251 vina,
832 1204 1103 1243 concubinos:

327 1270 381 1308 sic
411 1278 449 1308 te
477 1278 665 1320 perpetua
694 1271 772 1307 fide
801 1270 1009 1318 probatum
1529 1281 1546 1312 5

328 1335 422 1373 nulli
452 1348 533 1373 non
562 1342 629 1372 tua
658 1335 847 1384 praeferat
877 1341 1064 1382 patrona:

328 1413 528 1438 succurras
558 1399 711 1446 misero,
742 1412 890 1449 precor,
921 1397 1039 1436 furori

329 1472 365 1503 et
396 1478 524 1503 serves
553 1464 768 1514 aliquando
799 1464 1049 1513 neglegenter

329 1530 415 1568 illos
445 1529 510 1579 qui
542 1531 642 1567 male
672 1542 739 1567 cor
768 1541 900 1566 meum
930 1534 1127 1577 perurunt,

330 1608 429 1644 quos
459 1602 497 1632 ct
527 1594 710 1633 noctibus
740 1601 777 1632 et
807 1593 947 1631 diebus
982 1599 1077 1641 opto
1512 1603 1550 1625 10

330 1660 367 1697 in
399 1667 532 1698 nostro
562 1658 730 1708 cupidus
760 1658 848 1695 sinu
878 1657 1021 1703 videre,

330 1726 564 1771 formonsos,
594 1723 739 1769 niveos,
771 1736 893 1772 pares,
924 1723 1123 1771 gemellos,

330 1790 506 1837 grandes,
538 1802 618 1826 non
648 1801 800 1838 pueros,
833 1788 902 1825 sed
932 1787 1108 1825 uniones.

759 1887 792 1923 L

228 1965 482 2014 Daphnonas,
515 1964 746 2012 platanonas
776 1969 813 2000 et
842 1961 966 2000 ae'rios
996 1960 1175 2010 pityonas

279 2037 316 2066 et
346 2042 426 2067 non
456 2027 571 2066 unius
601 2028 742 2065 balnea
771 2028 876 2065 solus
906 2026 1038 2072 habes,

270 2131 413 2162 XLVIII
444 2142 478 2163 11
506 2131 678 2162 comisatio
698 2131 814 2171 (-esa-)
836 2130 883 2161 CA
1005 2138 1042 2167 13
1067 2129 1124 2159 fiat
1140 2128 1203 2167 ΡΩ
1314 2137 1351 2166 15
1378 2127 1552 2166 magistros

226 2176 359 2207 AACA:
384 2176 543 2214 magister
565 2175 620 2205 BA
698 2176 737 2204 16
761 2174 869 2213 capiat
889 2173 938 2204 CA
1016 2173 1161 2211 superba
1178 2171 1315 2201 AABA:
1339 2172 1484 2209 superbe
1503 2170 1551 2201 CA

230 2230 266 2258 17
292 2229 335 2250 m.
357 2230 398 2250 m.
420 2220 440 2250 i.
460 2219 590 2250 subitus
607 2218 649 2248 ad
666 2229 729 2250 am.
748 2229 778 2249 o.
811 2217 840 2247 T
954 2216 1070 2246 XLIX
1094 2226 1114 2255 3
1138 2225 1272 2255 possum
1295 2214 1350 2245 illa
1370 2214 1417 2245 CA
1531 2225 1549 2251 4

226 2272 346 2293 aureas
368 2262 415 2293 CA
499 2272 517 2300 5
542 2262 624 2302 fide]
643 2263 702 2292 sed
721 2266 755 2292 et
774 2261 822 2292 CA
913 2269 951 2289 12
977 2259 1142 2289 formosos
1159 2257 1248 2289 codd.
1380 2257 1407 2287 L
1430 2257 1503 2288 hah.
1528 2256 1557 2286 T

229 2316 240 2335 1
273 2306 458 2345 Dephonas
476 2305 524 2336 CA
542 2305 742 2345 (Daphonas
758 2304 808 2334 Ax,
900 2308 933 2333 et
951 2303 1077 2343 aerios]
1097 2308 1130 2332 et
1147 2303 1306 2340 eriosque
1322 2300 1376 2330 ΒΑ
1465 2301 1551 2340 pity-

227 2359 309 2380 onas
331 2349 491 2380 Heinsius
514 2349 547 2379 in
578 2349 667 2388 Vctg,
684 2348 751 2378 Esl.
774 2346 829 2378 vii.
847 2347 912 2386 65:
937 2347 1093 2386 phyonas
1114 2345 1160 2376 T:
1185 2350 1331 2384 pytonas
1355 2343 1453 2385 (-th-)
1476 2343 1550 2373 BA:

227 2393 420 2432 cyparissos
440 2393 488 2424 CA
575 2403 594 2422 2
619 2402 706 2423 unus
726 2391 775 2422 CA
