1684 2763
791 154 1258 193 EPIGRAMMATON
1292 157 1343 193 LI
1353 157 1392 193 B.
1428 157 1483 194 IV

657 266 758 302 LIII

156 338 289 383 Hunc,
321 349 438 386 quem
470 348 587 386 saepe
616 335 725 374 vides
756 335 856 373 intra
885 336 1100 385 penetralia
1130 345 1285 376 nostrae

210 402 390 447 Pallados
421 408 459 439 et
489 400 626 451 templi
656 400 802 448 limina,
836 402 993 447 Cosme,
1026 401 1117 440 novi

153 480 243 505 cum
274 467 417 505 baculo
446 479 618 516 peraque
648 480 795 512 senem,
828 466 891 504 cui
921 480 1019 504 cana
1049 466 1252 517 putrisque

208 538 282 569 stat
310 544 426 569 corna
454 538 492 569 et
523 531 561 569 in
592 538 728 581 pectus
758 532 917 570 sordida
947 532 1069 570 barba
1098 532 1214 580 cadit,

154 609 265 635 cerea
294 610 413 646 quem
443 596 540 636 nudi
571 596 665 646 tegit
694 610 791 635 uxor
819 597 950 635 abolla
978 598 1141 647 grabati,

208 661 270 699 cui
300 663 367 700 dat
396 663 554 699 latratos
585 661 702 699 obvia
731 662 846 700 turba
874 662 996 709 cibos,

155 739 239 764 esse
269 734 382 776 putas
413 726 608 775 Cynicum
640 727 829 776 deceptus
860 726 1029 777 imagine
1060 728 1172 766 ficta:

209 804 288 829 non
319 798 376 830 est
405 791 469 829 hic
500 791 682 841 Cynicus,
716 793 886 831 Cosme:
925 792 1021 842 quid
1051 795 1171 843 ergo?
1220 794 1350 833 Canis.

668 886 763 922 LIV

156 955 191 991 O
222 954 283 992 cui
315 954 501 1004 Tarpeias
531 954 639 993 licuit
669 955 896 1005 contingere
926 969 1092 1005 quercus

210 1027 247 1057 et
277 1019 433 1058 meritas
463 1019 588 1069 prima
617 1019 772 1070 cingere
803 1021 941 1058 fronde
971 1034 1116 1067 comas,

156 1084 185 1122 si
217 1084 330 1134 sapis,
363 1084 481 1122 utaris
511 1084 616 1132 totiS,
646 1085 812 1131 Colline,
845 1085 985 1124 diebus

211 1157 510 1199 extremumque
540 1149 610 1188 tibi
641 1163 796 1200 semper
824 1151 963 1189 adesse
993 1158 1117 1201 putes.

157 1214 329 1253 lanificas
360 1215 455 1253 nulli
486 1223 562 1253 tres
592 1229 750 1254 exorare
779 1217 928 1266 puellas

210 1279 398 1330 contigit:
433 1280 642 1318 observant
671 1294 790 1330 quem
820 1288 989 1319 statuere
1019 1281 1136 1319 diem.

156 1344 312 1384 divitior
342 1344 493 1395 Crispo,
526 1346 702 1384 Thrasea
731 1345 974 1384 constantior
1003 1345 1089 1396 ipso

210 1409 351 1448 lautior
380 1417 418 1448 et
447 1409 575 1448 nitido
605 1410 656 1448 sis
689 1410 856 1448 Meliore
885 1410 1002 1449 licet:

157 1474 210 1512 nil
239 1474 359 1514 adicit
388 1488 513 1525 penso
543 1475 730 1513 Lachesis
760 1477 948 1525 fusosque
978 1489 1154 1513 sororum

211 1540 377 1591 explicat
407 1548 445 1578 et
475 1553 630 1590 semper
659 1542 710 1579 de
740 1540 863 1579 tribus
894 1554 971 1579 una
1001 1548 1127 1591 negat.
1453 1556 1490 1578 10

682 1635 754 1671 LV

266 1703 375 1750 Luci,
407 1703 528 1753 gloria
558 1711 781 1753 temporum
812 1712 983 1752 tuorum,

265 1768 332 1819 qui
363 1768 504 1808 Caium
534 1776 705 1807 veterem
737 1771 972 1820 Tagumque
1002 1777 1179 1807 nostrum

265 1833 381 1883 Arpis
410 1835 550 1872 cedere
579 1847 660 1872 non
690 1834 784 1872 sinis
813 1834 991 1873 disertis:

267 1899 429 1949 Argivas
458 1908 663 1949 generatus
694 1899 793 1938 inter
821 1901 937 1938 urbes

266 1965 427 2002 Thebas
456 1964 629 2002 carmine
659 1972 790 2003 cantet
819 1972 886 2003 aut
918 1967 1119 2014 Mycenas,
1471 1980 1489 2011 5

265 2036 332 2067 aut
361 2031 504 2068 claram
536 2030 712 2068 Rhodon
741 2037 808 2068 aut
837 2029 1072 2068 libidinosae

267 2095 443 2133 Ledaeas
474 2096 799 2133 Lacedaemonos
833 2097 1067 2145 palaestras:

204 2191 284 2222 LIII
309 2191 382 2223 hab.
408 2191 439 2223 T
588 2202 602 2222 1
621 2197 737 2223 nostra
759 2192 803 2224 T:
831 2198 965 2223 uestrae
984 2192 1032 2223 CA
1181 2202 1198 2231 3
1224 2202 1332 2222 canna
1351 2191 1398 2222 CA
1418 2192 1449 2227 ξι.
1463 2202 1488 2223 e.

159 2235 278 2275 cana3)
369 2236 390 2266 6
413 2236 473 2266 das
489 2235 510 2266 l.
531 2235 610 2267 AA:
636 2237 692 2266 dat
710 2236 729 2267 l.
749 2236 802 2265 BA
819 2247 826 2266 :
851 2237 949 2267 datus
966 2237 1064 2266 latrat
1084 2235 1131 2267 CA
1213 2245 1229 2274 7
1256 2236 1332 2265 ficta
1349 2234 1464 2264 AABA
1483 2246 1489 2264 :

160 2278 243 2308 faIsa
261 2278 309 2308 (Ἀ
486 2279 563 2309 LIV
587 2289 606 2309 2
629 2279 763 2317 tingere
780 2290 819 2309 ex
843 2281 1042 2318 contingere
1060 2279 1243 2319 (ctingere)
1262 2279 1315 2309 BA
1334 2279 1384 2318 (cf.
1404 2289 1432 2309 v.
1457 2278 1488 2316 1)

160 2321 272 2351 fronte
289 2321 344 2351 ΒΑ
440 2331 458 2361 5
484 2323 584 2352 nullis
600 2322 676 2352 BA:
702 2323 784 2352 nulli
803 2323 851 2353 CA
948 2325 969 2353 6
994 2324 1151 2354 obseruat
1169 2323 1217 2353 CA
1328 2332 1364 2352 [ο
1389 2326 1489 2360 neget

160 2364 233 2395 BA:
260 2369 360 2404 negat
373 2365 420 2395 CA
438 2371 550 2405 (necat
566 2366 610 2405 F)
628 2366 681 2396 N:
707 2371 800 2397 secat
817 2366 977 2397 Heinsius
1223 2366 1280 2396 LV
1308 2376 1320 2395 1
1349 2366 1488 2395 duorum

160 2407 215 2437 BA
345 2418 363 2438 2
388 2409 504 2439 Caium
521 2409 594 2440 Ital.
613 2421 620 2440 z
643 2410 754 2448 gaium
771 2410 858 2441 codd.
973 2419 992 2448 3
1018 2410 1164 2440 desertis
1185 2408 1232 2439 CA
1249 2412 1287 2439 ut
1302 2408 1363 2439 vid.
1471 2419 1489 2444 4

161 2452 261 2482 orbes
279 2449 325 2480 CA
344 2455 380 2481 ut
396 2451 460 2483 vid.
613 2463 632 2492 5
656 2458 713 2483 aut
730 2453 784 2483 ΒΑ
800 2465 807 2483 :
829 2458 863 2483 et
881 2452 928 2482 CA

1363 2494 1403 2524 S*
