1684 2763
233 133 288 169 M.
318 131 441 169 VAL.
476 130 787 168 MARTIALIS

738 244 843 280 VIII

233 311 349 347 Nunc
378 308 530 354 hilares,
562 308 593 345 si
623 308 784 357 quando
814 307 920 354 mihi,
953 321 1059 346 nunc
1088 307 1224 354 ludite,
1258 309 1424 346 Musaez

284 372 406 410 victor
434 373 484 410 ab
515 371 684 421 Odrysio
714 371 889 410 redditur
918 371 1013 410 orbe
1043 371 1152 409 deus.

232 445 336 475 certa
364 436 458 474 facis
488 436 623 486 populi
653 444 695 474 tu
726 436 872 485 primus
902 443 1004 482 vota,
1040 436 1285 474 December:

286 501 361 540 iam
392 501 481 539 licet
511 501 658 551 ingenti
689 501 819 539 dicere
848 514 945 539 voce
977 500 1121 538 ‘Venit
1141 503 1172 538 1’

231 567 320 605 felix
350 574 452 604 sorte
481 569 569 604 tua!
627 573 780 615 poteras
811 579 890 604 non
920 566 1059 603 cedere
1091 567 1200 611 Iano,

284 631 426 681 gaudia
455 631 486 668 si
517 630 630 668 nobis
661 643 761 679 quae
790 629 900 668 dabit
930 629 994 667 ille
1023 631 1146 668 dares.

233 698 328 734 festa
359 703 567 733 coronatus
598 695 706 732 ludet
736 693 913 732 convicia
943 693 1064 739 miles,

286 761 385 798 inter
414 759 622 809 laurigeros
653 772 743 796 cum
774 771 909 797 comes
939 758 1010 796 ibit
1040 771 1174 808 equos.

233 828 287 863 fas
317 824 451 863 audire
480 824 588 862 iocos
618 823 841 873 levioraque
870 822 1053 869 carmina,
1087 824 1244 862 Caesar.

286 898 322 928 et
353 889 433 935 tibi,
466 889 496 926 si
526 890 632 926 lusus
663 888 746 937 ipse
776 888 995 938 triumphus
1025 895 1141 926 amat.
1526 902 1562 924 10

761 966 819 1002 IX

235 1033 336 1070 Cum
367 1030 564 1080 sexaginta
595 1037 772 1068 numeret
803 1028 1018 1069 Cascellius
1048 1042 1183 1074 annos,

289 1095 511 1145 ingeniosus
542 1096 662 1133 homo
692 1102 772 1132 est:
812 1095 973 1143 quando
1003 1093 1171 1132 disertus
1202 1092 1303 1131 erit?

774 1172 810 1207 X

236 1236 442 1275 Pedicatur
472 1238 580 1281 Eros,
613 1236 717 1273 fellat
749 1234 896 1272 Linus:
936 1235 1020 1280 Ole,
1053 1232 1147 1283 quid
1177 1234 1226 1272 ad
1259 1242 1294 1271 te

289 1303 338 1340 de
368 1308 457 1339 cute
488 1300 583 1350 quid
615 1299 757 1338 faciant
788 1299 851 1337 ille
881 1301 940 1338 vel
971 1299 1034 1337 ille
1064 1300 1162 1336 sua?

234 1365 409 1405 centenis
439 1365 553 1403 futuit
585 1365 726 1402 Matho
756 1363 936 1402 milibus:
976 1364 1060 1410 Ole,
1094 1362 1189 1413 quid
1218 1364 1268 1401 ad
1299 1364 1368 1401 te?

289 1444 367 1469 non
398 1438 438 1468 tu
469 1437 673 1479 propterea
702 1429 771 1466 sed
804 1429 944 1466 Matho
974 1441 1121 1477 pauper
1150 1427 1230 1465 erit.

235 1496 272 1532 in
304 1496 430 1533 lucem
461 1501 574 1532 cenat
604 1492 818 1531 Sertorius:
863 1492 947 1537 Ole,
981 1490 1075 1540 quid
1105 1491 1155 1528 ad
1186 1498 1233 1535 te,
1548 1506 1562 1536 f

289 1573 378 1597 cum
409 1558 522 1596 liceat
553 1565 633 1595 tota
662 1564 821 1595 stertere
850 1563 967 1594 nocte
997 1555 1096 1593 tibi?

236 1624 481 1674 septingenta
512 1623 604 1660 Tito
635 1622 753 1660 debet
784 1623 945 1670 Lupus:
985 1621 1070 1666 Ole,
1104 1620 1199 1669 quid
1230 1621 1279 1658 ad
1311 1622 1377 1657 te?

290 1701 415 1726 assem
447 1700 496 1725 ne
525 1686 680 1725 dederis
711 1685 971 1724 crediderisve
1008 1686 1133 1734 Lupo.

240 1754 343 1792 Illud
373 1752 594 1791 dissimulas
624 1752 674 1788 ad
705 1758 742 1788 te
772 1752 880 1800 quod
912 1749 1089 1799 pertinet,
1123 1750 1207 1790 Ole.

291 1819 478 1867 quodque
508 1815 630 1865 magis
661 1829 775 1853 curae
805 1814 990 1853 convenit
1019 1827 1104 1852 esse
1134 1821 1234 1851 tuae.
1529 1828 1566 1850 10

238 1898 306 1933 pro
336 1883 468 1931 togula
497 1881 641 1919 debes:
681 1881 756 1917 hoc
785 1880 835 1917 ad
865 1886 902 1917 te
932 1878 1108 1929 pertinet,
1143 1879 1226 1917 Ole.

291 1949 548 1998 quadrantem
580 1958 696 1983 nemo
726 1945 803 1982 iam
833 1944 903 1982 tibi
934 1943 1080 1982 credit:
1119 1951 1157 1981 et
1186 1944 1272 1980 hoc.

240 2026 335 2051 uxor
364 2012 529 2050 moecha
559 2010 628 2048 tibi
659 2018 739 2048 est:
779 2011 854 2047 hoc
883 2010 934 2047 ad
964 2016 1002 2046 te
1031 2008 1208 2058 pertinet,
1243 2009 1327 2046 Ole.

294 2077 419 2127 poscit
448 2077 523 2113 iam
554 2077 688 2114 dotem
720 2075 797 2112 filia
826 2073 1009 2124 grandis:
1049 2080 1086 2111 et
1115 2074 1202 2111 hoc.

283 2175 363 2205 VIII
390 2185 409 2204 2
435 2174 538 2204 drisio
558 2173 602 2203 CA
726 2172 878 2202 redditur
894 2171 952 2212 (E)
970 2170 1020 2201 vel
1032 2170 1182 2201 redditus
1202 2168 1302 2208 (XA)
1323 2167 1372 2199 CA
1547 2179 1566 2206 3

240 2219 345 2249 facies
363 2218 410 2248 CA
429 2221 466 2247 nl
481 2217 544 2247 vid.
677 2226 696 2254 5
721 2215 846 2254 poteris
862 2213 891 2244 L
1024 2215 1044 2243 6
1068 2213 1167 2243 dabat
1185 2212 1240 2242 ΒΑ
1372 2211 1420 2241 IX
1444 2211 1515 2242 hab.
1536 2212 1568 2241 R

242 2263 274 2292 X
298 2262 370 2292 hab.
392 2261 424 2290 R
515 2269 527 2289 1
557 2259 754 2289 Predicatur
770 2258 825 2287 ΒΑ
898 2257 986 2287 linus
1005 2258 1112 2297 (mos)
1134 2254 1272 2286 AABA:
1296 2255 1394 2294 pinus
1412 2255 1461 2285 CA
1550 2266 1569 2285 2

243 2305 340 2336 saciat
358 2304 422 2342 RQ
510 2303 561 2333 vel
579 2302 635 2332 illa
652 2301 704 2331 R:
731 2301 782 2331 vel
800 2301 855 2330 ille
866 2300 970 2330 BACA
1089 2310 1108 2338 3
1133 2299 1265 2337 subegit
1281 2299 1340 2328 AA
1359 2300 1438 2339 <pro
1455 2298 1558 2328 futuit*

241 2360 261 2387 9
285 2348 364 2387 quid
377 2345 481 2377 BAsA
501 2351 536 2376 nl
550 2345 613 2377 vid.
717 2355 754 2375 10
777 2355 842 2375 ont.
863 2343 895 2373 R
985 2352 1019 2373 11
1048 2343 1111 2373 hoe
1128 2343 1168 2373 ad
1188 2347 1220 2372 te
1238 2342 1371 2371 AACA:
1396 2342 1459 2371 hoc
1477 2342 1518 2371 ad
1536 2346 1569 2371 te

243 2393 332 2431 qnod
347 2391 398 2421 ΒΑ
413 2390 466 2431 (cf.
480 2390 527 2420 ad
540 2401 566 2420 υ.
584 2389 618 2429 9)
684 2398 787 2427 12-13
804 2398 871 2418 om.
885 2387 936 2417 BA
953 2386 1101 2427 (propter
1110 2385 1309 2424 lzomocotel.)
1371 2394 1407 2423 14
1426 2385 1504 2415 dote
1520 2384 1570 2415 (A
