1684 2763
792 125 1051 163 EPIGRAM
1060 128 1261 165 MATON
1295 130 1347 166 LI
1357 130 1397 166 Η.
1434 131 1449 166 I
1461 131 1471 165 l

610 235 796 272 XXXIII

251 303 331 342 Cur
361 316 440 340 non
473 303 582 341 basio
613 311 661 351 te,
696 304 903 344 Philaeni?
932 308 1040 345 calva
1070 321 1123 346 es.

249 381 318 405 cur
348 381 427 406 non
459 368 569 407 basio
600 376 648 416 te,
683 369 889 408 Philaeni?
920 373 1002 409 rufa
1032 386 1084 410 es.

249 446 317 470 cur
347 446 426 471 non
457 433 568 472 basio
599 442 646 481 te,
680 434 891 474 Philaeni?
921 438 1027 475 lusca
1057 452 1110 475 es,

250 499 346 536 haec
377 498 443 548 qui
476 499 614 547 basiat,
644 513 667 538 o
700 500 888 547 Philaeni,
923 503 1038 540 fellat.

612 600 792 636 XXXIV

142 668 243 705 (jum
276 668 427 717 placeat
459 668 634 706 Phileros
665 676 746 707 tota
776 670 846 707 tibi
877 671 970 708 dote
1000 672 1238 721 redemptus·v

196 739 271 770 tres
302 733 443 782 pateris
474 741 597 777 natos,
632 736 756 781 Galla,
788 735 913 785 perire
943 737 1056 774 fame.

141 805 357 846 praestatur
387 811 487 836 cano
518 807 625 837 tanta
655 799 899 850 indulgentia
928 815 1061 840 cunno

196 876 314 912 quem
347 877 419 901 nec
450 872 555 902 casta
586 872 715 914 potest
746 865 821 903 iam
853 866 1034 905 decuisse
1064 869 1210 905 Venus.

145 930 379 978 Perpetuam
410 929 449 967 di
481 937 518 967 te
548 930 693 968 faciant
725 931 931 969 Philerotis
962 932 1141 975 amicam,
1457 951 1471 979 5

195 1007 219 1031 o
251 1002 382 1039 mater,
416 1008 493 1044 qua
523 1008 596 1033 nec
628 995 769 1033 Pontia
798 997 977 1035 deterior.

628 1095 784 1132 XXXV

143 1166 245 1203 Cum
279 1164 355 1202 sint
385 1178 497 1203 crura
526 1164 597 1203 tibi
627 1165 800 1204 similent
830 1180 932 1216 quae
962 1181 1109 1205 cornua
1140 1168 1265 1209 lunae,

197 1230 235 1268 in
266 1229 393 1279 rhytio
423 1238 590 1280 poteras,
624 1232 798 1279 Phoebe,
831 1233 958 1270 lavare
988 1233 1123 1282 pedeS.

615 1331 794 1368 XXXVI

147 1401 321 1438 Flectere
352 1407 389 1438 te
420 1400 554 1447 nolim,
587 1402 657 1438 sed
688 1414 761 1439 nec
791 1401 947 1439 turbare
977 1401 1163 1452 capillos:

197 1465 407 1514 splendida
437 1465 483 1503 sit
514 1466 622 1512 nolo,
651 1465 810 1504 sordida
840 1468 933 1504 nolo
963 1467 1090 1513 cutis:

146 1543 219 1567 nec
250 1529 320 1567 tibi
352 1529 552 1568 mitrarum
583 1544 657 1568 nec
687 1530 735 1568 sit
765 1530 835 1569 tibi
865 1532 988 1569 barba
1017 1545 1196 1570 reorum:

198 1597 291 1633 nolo
321 1595 444 1633 virum
475 1595 654 1642 nimium,
687 1597 911 1646 Pannyche,
943 1598 1036 1635 nolo
1066 1611 1217 1646 parum.

146 1674 252 1698 nunc
282 1668 372 1699 sunt
402 1675 513 1699 crura
543 1661 630 1711 pilis
661 1669 699 1700 et
728 1670 818 1700 sunt
849 1661 919 1700 tibi
950 1670 1109 1712 pectora
1139 1663 1254 1701 saetis·
1458 1681 1474 1711 5

199 1725 366 1770 horrida,
399 1727 469 1764 sed
501 1741 611 1765 mens
641 1734 710 1774 est,
743 1729 968 1777 Pannyche,
1001 1729 1108 1766 volsa
1139 1728 1219 1766 tibi.

602 1829 805 1865 XXXVII

254 1896 462 1946 Quidquid
492 1897 651 1947 ponitur
681 1897 772 1936 hinc
803 1906 840 1936 et
871 1897 963 1936 inde
993 1898 1121 1944 verris,

255 1975 446 2000 mammas
476 1962 641 2001 suminis
671 1963 957 2013 imbricemque
986 1963 1095 2012 porci

253 2039 592 2077 communemque
622 2028 780 2066 duobus
810 2035 1045 2078 attagenam,

188 2131 344 2162 XXXIII
370 2142 420 2162 vv.
442 2142 502 2171 1—3
526 2131 597 2163 hab.
624 2132 654 2162 T
796 2142 823 2167 Ι,
844 2143 873 2170 2,
892 2142 923 2171 3,
943 2143 961 2170 4
979 2132 1116 2171 philene
1136 2132 1186 2162 CA
1273 2143 1292 2162 2
1318 2142 1411 2162 russa
1432 2132 1480 2161 ζιΛ

146 2176 177 2215 (s
192 2175 289 2215 prof)
381 2186 399 2213 4
425 2176 532 2206 basiat
549 2176 585 2217 o]
604 2176 733 2207 basiate
752 2176 801 2206 CA
818 2180 853 2206 ut
868 2176 930 2206 vid.
951 2176 1094 2209 (basiate
1111 2175 1154 2207 X,
1176 2175 1281 2205 basiat
1301 2180 1333 2206 te
1351 2175 1460 2205 EAG

192 2218 344 2249 XXXIV
360 2220 380 2248 6
398 2220 533 2258 pontica
549 2219 603 2249 BA
621 2220 759 2260 (Medea
775 2219 1000 2259 suprascr.f3)
1021 2231 1026 2249 :
1051 2219 1168 2258 pontia
1187 2219 1236 2250 CA
1346 2218 1479 2248 XXXV

147 2262 220 2293 hah.
243 2262 271 2292 T
360 2273 371 2292 1
398 2267 477 2293 sunt
492 2263 541 2293 CA

193 2305 343 2336 XXXVI
368 2316 418 2337 vv.
442 2316 513 2345 1—2,
535 2308 599 2345 5-6
615 2306 688 2337 lmb.
708 2306 740 2336 R
891 2316 904 2336 1
931 2306 990 2336 sed
1008 2316 1073 2337 om.
1093 2304 1126 2335 R
1258 2315 1277 2344 3
1302 2305 1475 2334 mitharum

148 2349 250 2388 (iny-')
270 2353 308 2379 zet
322 2349 385 2380 vid.
400 2350 455 2380 ΒΑ
555 2350 725 2381 XXXVII
744 2361 793 2381 vv.
816 2360 884 2382 1—2.
905 2359 983 2389 4-5,
1003 2359 1102 2380 10—11
1122 2348 1194 2380 hab.
1224 2349 1252 2379 Τ
1327 2359 1338 2378 1
1359 2357 1477 2377 uersu<

149 2392 202 2421 BA
216 2392 298 2432 (pro
314 2394 423 2424 versis
441 2405 447 2432 ;
472 2404 488 2424 s
500 2398 562 2434 pro
580 2396 610 2433 r)
