1684 2763
784 153 815 189 E
825 154 991 191 PIGRA
1000 155 1040 190 M
1050 155 1249 193 MATON
1283 155 1334 192 LI
1344 156 1385 192 Β.
1417 156 1475 192 XI

618 264 791 300 LXXIX

146 333 209 369 Ad
240 332 407 383 primum
439 335 607 372 decuma
636 334 806 384 lapidem
837 336 944 384 quod
975 335 1154 373 venimus
1183 337 1288 381 hora,

200 398 396 447 arguimur
426 401 554 437 lentae
584 400 747 438 Crimine
776 399 962 450 pigritiae.

145 475 224 499 non
255 470 311 501 est
342 464 414 502 ista
443 464 615 514 quidem,
648 479 728 502 non
759 473 817 503 est
848 479 945 511 mea,
977 466 1046 503 sed
1076 472 1143 502 tua
1172 466 1287 514 culpa
1317 473 1373 502 est

199 527 336 566 misisti
368 531 492 568 mulas
524 530 590 580 qui
622 530 727 577 mibi,
762 532 891 577 Paete,
924 538 1021 568 tuas.

624 626 774 661 LXXX

144 691 253 730 Litus
284 694 422 733 beatae
451 695 616 733 Veneris
645 709 805 733 aureum
839 695 963 742 Baias,

161 757 257 796 {aias
287 761 477 809 superbae
507 761 653 798 blanda
682 762 788 799 dona
818 763 1005 807 Naturae,

141 830 183 860 ut
213 823 318 861 mille
348 826 516 872 laudem,
551 826 702 872 Flacce,
733 826 908 863 versibus
940 824 1065 870 Baias,

141 890 311 927 laudabo
342 890 459 940 digne
489 904 568 928 non
600 891 690 929 satis
722 899 852 929 tamen
885 890 1009 928 Baias

141 954 218 992 Sed
250 955 471 993 Martialem
503 957 616 1002 malo,
651 958 804 1004 Flacce,
833 970 951 1006 quam
984 955 1108 993 Baias.
1453 971 1470 1003 5

139 1026 273 1069 optare
303 1027 512 1070 utrumque
541 1021 683 1070 pariter
711 1021 865 1071 inprobi
896 1029 1030 1059 votum
1062 1027 1130 1058 est.

140 1086 247 1134 quod
278 1085 307 1123 si
338 1087 501 1124 deorum
534 1100 695 1124 munere
726 1088 801 1125 hoe
832 1086 901 1124 tibi
932 1088 1056 1133 detur,

139 1149 233 1199 quid
263 1151 494 1200 gaudiorum
526 1159 583 1190 est
615 1151 805 1189 Martialis
835 1159 872 1189 et
904 1151 1046 1189 Baiae!

608 1247 781 1283 LXXXI

139 1315 241 1353 Cum
272 1328 365 1353 sene
395 1329 650 1355 communem
680 1322 792 1354 vexat
822 1316 947 1365 spado
979 1315 1203 1365 Dindymus
1234 1317 1383 1366 Aeglen

190 1387 228 1419 et
257 1380 356 1419 iacet
386 1381 425 1419 in
456 1381 588 1420 medio
619 1381 721 1420 sicca
750 1382 880 1431 puella
910 1388 1005 1418 toro.

136 1445 280 1484 viribus
310 1446 385 1494 hic,
417 1446 525 1496 operi
554 1460 635 1484 non
665 1453 723 1484 est
752 1445 816 1483 hie
846 1445 949 1483 utilis
978 1445 1115 1483 annis:

189 1524 280 1560 ergo
310 1511 393 1549 sine
423 1513 564 1549 effectu
594 1511 715 1561 prurit
743 1510 898 1560 utrique
928 1511 1048 1548 labor.

135 1578 299 1626 supplex
328 1576 392 1614 illa
420 1584 529 1626 rogat
558 1591 628 1626 pro
658 1590 698 1614 se
729 1575 958 1625 miserisque
987 1576 1156 1622 duobus,
1446 1593 1463 1624 5

187 1642 294 1679 hune
323 1641 504 1680 iuvenem
535 1642 664 1689 facias,
696 1643 814 1688 hunc,
847 1642 1054 1690 Cytherea,
1083 1640 1219 1679 virurn.

588 1742 786 1778 LXXXII

132 1813 167 1848 A
197 1810 443 1849 Sinuessanis
473 1811 639 1850 conviva
668 1811 925 1850 Philostratus
955 1811 1072 1849 undis

185 1877 428 1914 conductum
459 1884 639 1926 repetens
669 1884 786 1915 nocte
815 1876 977 1915 iubente
1007 1878 1126 1914 larem

131 1953 256 1989 paene
286 1941 458 1980 imitatus
488 1942 571 1980 obit
601 1941 725 1980 saevis
756 1943 954 1992 Elpenora
983 1941 1084 1990 fatis,

183 2019 370 2057 praeceps
399 2021 468 2057 per
496 2009 635 2058 longos
665 2008 760 2046 dum
790 2007 865 2045 ruit
894 2021 1019 2057 usque
1048 2008 1201 2057 gradus.

174 2109 325 2140 LXXIX
348 2121 368 2150 3
393 2116 443 2142 est
462 2111 544 2152 (pf)
561 2111 610 2142 vel
623 2122 688 2142 om.
711 2110 803 2151 (LQi
821 2111 877 2141 ΒΑ
975 2112 1050 2142 uiae
1077 2111 1133 2140 ΒΑ
1163 2111 1241 2150 (pro
1258 2111 1393 2150 quidem
1407 2111 1430 2149 ἲ)
1453 2123 1459 2142 :

129 2153 264 2192 quidem
291 2154 340 2184 CA
468 2155 576 2195 culpa,
605 2166 671 2186 om.
691 2161 752 2195 est,
774 2155 804 2193 Q
1088 2154 1221 2184 LXXX
1248 2164 1261 2184 1
1290 2155 1391 2185 Letus
1411 2154 1460 2185 CA

129 2206 147 2225 2
180 2197 300 2227 dature
319 2198 420 2236 strae&
438 2197 495 2227 BA
624 2209 644 2237 3
668 2209 755 2229 uers.
773 2199 875 2229 flacce
895 2197 943 2229 CA
1111 2209 1130 2236 4
1154 2203 1266 2228 tamen
1284 2198 1365 2228 satis
1381 2197 1437 2227 BA
1452 2209 1458 2228 ε

128 2240 208 2270 satis
226 2244 337 2270 tamen
359 2241 408 2271 CA
619 2252 638 2280 5
657 2242 756 2272 mallo
776 2241 824 2272 CA
1012 2243 1033 2271 6
1057 2241 1173 2271 obtare
1190 2240 1218 2270 L
1240 2242 1367 2282 (et-fort.
1385 2241 1457 2280 BA>

127 2283 307 2322 inprobum
323 2284 398 2314 BA:
421 2284 552 2324 inprobi
572 2285 621 2316 CA
902 2285 1051 2315 LXXXI
1076 2285 1150 2315 lzczh.
1176 2284 1205 2315 T
1336 2295 1347 2314 1
1375 2295 1457 2315 sane

128 2337 270 2357 comune
293 2327 323 2358 T
472 2339 492 2367 3
515 2333 567 2358 est
582 2333 627 2359 ut.
650 2331 727 2366 (om.
747 2328 814 2367 hic)
835 2328 864 2358 T
1005 2340 1023 2367 4
1047 2327 1181 2367 utrique
1204 2328 1225 2359 l.
1248 2327 1307 2357 ΛΑ
1332 2332 1369 2358 ut
1392 2327 1453 2358 w'd.

129 2370 297 2410 (uterique
320 2371 359 2411 T)
375 2382 381 2403 ε
408 2375 551 2410 uterque
567 2372 697 2402 duobus
715 2372 770 2402 ΒΑ
788 2372 838 2411 (cf.
855 2382 884 2402 v.
906 2374 940 2410 5)
957 2383 964 2403 z
988 2377 1129 2411 uterque
1147 2372 1240 2402 labor
1257 2371 1306 2401 CA
1437 2371 1458 2400 6

127 2413 228 2445 facies
250 2414 280 2445 T
537 2413 703 2445 LXXXII
727 2425 747 2454 3
771 2415 820 2446 vel
834 2415 905 2445 obit

1308 2466 1369 2497 22*
