1684 2763
519 163 701 200 INDEX
740 161 1205 200 EPIGRAMMATON

267 272 302 303 Si
319 278 453 312 spumet
471 273 571 303 rubra
588 273 726 303 conchis
742 273 802 303 tibi
821 272 944 312 pallida
963 277 1051 303 testa
1096 271 1192 312 XIII,
1214 282 1242 311 7.

266 316 302 347 Si
320 321 353 347 te
370 317 521 356 sportula
538 317 645 347 maior
660 317 702 346 ad
718 317 836 347 beatos
881 316 974 356 Vlll,
993 326 1046 354 42.

265 359 301 390 Si
319 365 430 391 tecum
447 361 540 399 mihi,
559 370 636 390 care
654 360 818 390 Martialis
862 359 901 399 V,
921 370 974 391 20.

265 404 301 434 Si
318 405 500 442 temperari
515 404 673 434 balneum
690 404 785 443 cupis
799 403 937 434 fervens
981 402 1042 442 ΙΙΙ,
1061 412 1112 441 25.

265 447 301 477 Si
319 447 378 477 tibi
396 448 561 486 Cecropio
579 452 728 478 saturata
745 447 909 485 Cydonea
925 447 1024 477 melle
1071 445 1167 485 XIII,
1188 456 1240 484 24.

265 490 301 520 Si
318 491 377 521 tibi
396 491 563 530 Mistyllos
580 501 689 529 cocus,
710 491 910 529 Aemiliane,
931 495 1072 520 vocatur
1118 489 1142 527 Ι,
1163 499 1214 528 50.

266 534 302 564 Si
319 535 379 564 tibi
396 545 529 564 morosa
547 534 722 573 prurigine
738 534 905 564 verminat
920 534 1012 563 auris
1058 532 1148 566 XIV,
1169 543 1220 571 23.

266 576 303 607 Si
321 578 380 608 tibi
398 577 474 607 talis
491 578 564 616 erit,
585 578 729 616 qualem,
749 577 872 607 dilecta
888 576 1020 607 Catullo
1066 575 1158 615 XIV,
1179 586 1231 614 77.

265 621 300 650 Si
319 621 406 651 tristi
424 621 613 651 domicenio
630 621 763 650 laboras
807 620 846 659 V,
868 621 918 659 78.

266 664 301 694 Si
320 669 386 703 tua,
407 664 551 702 Cerrini,
572 674 708 703 promas
724 663 966 703 epigrammata
982 663 1082 701 vulgo
1128 661 1222 700 VIII,
1245 662 1294 693 18.

265 707 300 737 Si
320 712 375 737 tua
394 718 455 737 nec
472 707 574 737 Thais
592 717 654 737 nec
672 708 764 737 lusca
782 712 842 740 est.
863 707 1002 745 Quinte,
1023 706 1135 745 puella
1182 705 1242 739 ΙΙΙ,
1266 715 1315 736 11.

266 750 301 780 Si
316 755 440 780 veneto
459 752 638 789 prasinove
656 750 759 782 faves,
779 751 859 789 quid
877 751 1013 781 coccina
1030 750 1164 780 sumes‘.²
1211 748 1302 789 XIV,
1326 758 1395 788 131.

266 794 302 824 Si
320 794 428 824 vicina
445 795 503 824 tibi
522 795 692 824 Nomento
708 805 784 824 rura
801 794 957 824 coluntur
1002 793 1100 834 XIIIy
1123 802 1172 832 15.

265 837 299 868 Si
317 838 369 868 vis
386 838 522 868 auribus
538 837 662 868 Atticis
679 838 814 876 probari
862 837 916 877 IV,
936 838 988 867 86.

265 881 301 911 Si
318 882 368 911 vis
385 891 461 911 esse
479 886 581 919 satur,
602 886 753 911 nostrum
772 886 868 920 potes
885 891 960 911 esse
979 881 1137 920 Priapum
1183 878 1274 919 XIV,
1296 890 1346 919 70.

266 925 322 955 Sic
340 925 373 954 in
390 925 542 963 gramine
560 925 679 955 ssorido
697 925 831 955 reclinis
878 924 937 959 IX,
957 935 1010 963 90.

266 968 322 998 Sic
340 979 392 998 me
411 969 522 999 fronte
539 969 629 1007 legat
646 968 810 1001 dominus,
833 969 1003 1006 Faustine‚
1024 978 1146 997 serena
1190 966 1265 1003 VII,
1290 976 1338 996 12.

265 1012 322 1041 Sic
340 1011 508 1051 placidum
525 1013 641 1042 videas
657 1022 799 1050 semper.
820 1012 986 1051 Crispine,
1005 1012 1195 1041 Tonantem
1240 1009 1315 1050 VII,
1335 1020 1389 1049 99.

266 1055 320 1085 Sic
338 1060 506 1094 tamquam
524 1056 653 1086 tabulas
669 1056 896 1095 scyphosque.
918 1055 1021 1085 Paule
1067 1054 1145 1094 XII,
1164 1055 1218 1093 69.

266 1098 321 1129 Sic
339 1098 537 1129 Tiburtinae
555 1104 684 1129 crescat
701 1099 760 1129 tibi
778 1099 859 1128 silva
879 1100 1009 1129 Dianae
1053 1097 1127 1131 VII,
1149 1099 1199 1128 28.

265 1142 393 1180 Siccus7
414 1143 546 1172 sobrius
563 1147 614 1172 est
631 1142 748 1182 Aper;
773 1143 851 1181 quid
869 1143 909 1172 ad
927 1144 1000 1172 me?
1048 1141 1126 1180 XII,
1145 1152 1197 1179 30.

265 1185 386 1216 Sidera
404 1186 467 1215 iam
485 1186 610 1224 Tyrius
628 1186 764 1215 Phrixei
782 1186 918 1225 respicit
936 1185 1013 1224 agni
1060 1185 1102 1223 X,
1122 1194 1172 1224 51.

265 1229 386 1259 Sidere
402 1239 563 1268 percussa
581 1235 632 1260 est
649 1230 759 1259 subito
776 1229 845 1268 tibi,
865 1229 970 1268 Zoile,
987 1229 1103 1267 lingua
1149 1227 1209 1267 XI,
1229 1228 1281 1266 85.

266 1272 337 1310 Sili,
357 1272 564 1303 Castalidum
583 1274 686 1303 decus
703 1283 855 1302 sororum
904 1272 958 1311 IV,
984 1282 1029 1310 14.

266 1315 368 1346 Silius
385 1316 468 1346 haec
486 1317 597 1354 magni
615 1317 763 1346 celebrat
780 1321 998 1345 monumenta
1018 1315 1166 1345 Maronis
1212 1313 1273 1354 XI,
1293 1314 1346 1353 48.

265 1359 459 1398 Simplicior
476 1360 605 1399 priscis,
628 1360 755 1390 Munati
771 1360 878 1398 Galle,
899 1360 1035 1389 Sabinis
1082 1358 1123 1393 X,
1144 1369 1195 1398 33.

265 1402 404 1433 Sirenas
420 1403 561 1433 hilarem
579 1404 807 1441 navigantium
826 1413 969 1442 poenam
1016 1402 1077 1441 ΙΙΙ,
1097 1403 1149 1441 64.

265 1446 316 1476 Sit
333 1446 478 1476 cisterna
496 1447 575 1476 mihi
592 1457 691 1486 quam
709 1447 809 1476 vinea
826 1447 911 1476 malo
933 1447 1117 1476 Ravennae
1164 1444 1224 1486 111,
1245 1445 1297 1484 56.

266 1489 318 1519 Sit
335 1489 430 1519 culus
447 1490 505 1520 tibi
523 1501 622 1529 quam
639 1501 763 1526 macer,
781 1490 946 1529 requiris?
994 1489 1054 1529 Ill,
1074 1490 1125 1527 98.

267 1533 318 1563 Sit
339 1533 435 1563 nobis
451 1538 561 1564 aetate
578 1544 672 1573 puer,
695 1544 760 1563 non
780 1535 914 1573 pumice
932 1533 1014 1563 levis
1060 1533 1151 1571 XIV,
1173 1542 1246 1572 205.

266 1576 318 1607 Sit
338 1576 478 1615 Phlogis
495 1588 537 1607 an
555 1577 687 1607 Chione
703 1577 827 1607 Veneri
845 1577 951 1615 magis
967 1582 1044 1616 apta
1062 1577 1224 1616 requiris?
1272 1576 1333 1618 XI,
1351 1577 1404 1608 60.

266 1620 346 1650 Sola
364 1620 420 1650 tibi
438 1621 568 1650 fuerant
584 1622 751 1651 sestertia.
773 1620 916 1659 Milicho,
936 1625 1071 1651 centum
1118 1619 1160 1657 ΙΙ,
1180 1622 1233 1659 63.

266 1662 456 1694 Sollicitant
473 1665 583 1703 pavidi
601 1665 680 1694 dum
698 1665 912 1695 rhinocerota
929 1664 1078 1702 magistri
1122 1663 1182 1704 Ep.
1203 1674 1253 1695 22.

267 1706 407 1737 Solvere
426 1708 620 1738 dodrantem
639 1718 748 1746 nuper
764 1708 834 1741 tibi,
855 1708 992 1746 Quinte.
1013 1707 1147 1738 volebat
1191 1706 1286 1744 VIII,
1303 1718 1336 1747 9.

267 1750 418 1789 Solvere,
441 1751 554 1789 Paete,
575 1752 691 1781 decem
710 1752 768 1781 tibi
786 1762 839 1781 me
856 1751 1013 1781 sestertia
1031 1751 1125 1789 cogis
1169 1750 1229 1783 XI.
1252 1752 1302 1789 76.

267 1793 376 1823 Sorba
392 1804 518 1833 sumus,
538 1795 657 1824 molles
674 1795 812 1824 nimium
830 1795 1005 1824 tendentia
1020 1800 1158 1825 ventres
1204 1794 1300 1833 XIII,
1321 1794 1371 1824 26.

267 1837 411 1867 Sordida
429 1847 504 1867 cum
522 1838 580 1868 tibi
598 1838 650 1877 sit,
672 1848 787 1868 verum
806 1842 928 1870 tamen.
948 1839 1072 1872 Attale.
1094 1838 1174 1868 dicit
1221 1837 1277 1877 IV,
1296 1848 1348 1877 34.

267 1880 412 1911 Sordida
428 1881 455 1910 si
473 1881 559 1910 ssavo
576 1881 676 1911 suerit
693 1881 751 1911 tibi
770 1881 909 1920 pulvere
926 1881 1029 1911 vestis
1075 1881 1166 1914 XIV,
1186 1881 1239 1912 68.

267 1923 444 1954 Sordidior
459 1934 563 1954 caeno
580 1934 654 1954 cum
672 1925 714 1954 sit
732 1929 820 1962 toga,
842 1925 973 1954 calceus
990 1928 1102 1954 autem
1146 1923 1221 1963 VII,
1240 1934 1294 1963 33.

269 1966 416 1997 Sortitus
433 1968 564 1997 thecam
582 1967 718 1997 calamis
736 1978 865 1998 armare
884 1972 1053 1998 memento
1099 1967 1189 2007 XIV,
1210 1978 1262 1999 20.

267 2010 370 2040 Sotae
388 2011 453 2040 filia
471 2011 591 2049 clinici,
614 2011 752 2041 Labulla
799 2010 853 2049 IV,
872 2022 903 2050 9.

269 2053 429 2093 Spadone
447 2064 521 2084 cum
539 2055 586 2084 sis
604 2055 761 2084 eviratior
778 2055 870 2084 ssuxo
915 2053 953 2093 V,
975 2064 1025 2092 41.

269 2097 449 2136 Spectabat
466 2099 566 2127 modo
583 2098 676 2127 solus
693 2098 782 2128 inter
798 2108 917 2128 omnes
963 2097 1017 2136 IV,
1039 2108 1069 2128 2.

268 2140 411 2179 Spectas
429 2151 499 2180 nos,
521 2140 724 2180 philomuse,
745 2151 819 2171 cum
838 2141 988 2171 lavamur
1034 2141 1093 2179 XI,
1113 2142 1164 2179 63.

267 2183 535 2223 Spendophoros
554 2184 696 2223 Libycas
713 2184 838 2214 domini
854 2186 939 2223 petit
955 2185 1099 2223 armiger
1117 2185 1209 2215 urbis
1254 2183 1314 2224 IX,
1334 2186 1387 2224 56.

267 2227 376 2266 Spero
395 2238 448 2258 me
464 2232 617 2258 secutum
635 2228 666 2257 in
686 2227 806 2257 libellis
823 2228 907 2258 meis
954 2227 978 2266 Ι,
994 2228 1096 2267 praes.

267 2270 381 2310 Spirat
398 2270 429 2301 in
448 2272 599 2310 advecto,
619 2271 679 2301 sed
697 2271 760 2301 iam
779 2271 884 2311 piger,
905 2281 1053 2310 aequore
1070 2271 1194 2301 mullus
1239 2270 1335 2309 XIII,
1355 2280 1406 2309 79.

268 2314 455 2353 Splendida
472 2325 545 2345 curn
563 2314 703 2344 volitant
721 2314 879 2354 Spartani
896 2315 1046 2354 pondera
1063 2315 1146 2345 disci
1192 2314 1285 2347 XIV,
1308 2315 1377 2353 164.

268 2357 452 2396 Splendida
471 2368 513 2387 ne
530 2358 673 2388 madidis
689 2358 816 2388 violent
832 2358 1031 2397 bombycina
1049 2359 1161 2388 crines
1208 2357 1299 2398 XIV,
1318 2366 1371 2397 24.

268 2400 446 2440 Spoletina
463 2401 546 2431 bibis
563 2401 616 2431 vel
636 2401 755 2431 Marsis
772 2401 909 2432 condita
926 2402 1018 2432 cellis
1064 2401 1157 2440 XIV,
1177 2402 1249 2431 116.

268 2444 438 2484 Sportula,
454 2445 556 2485 Cane,
576 2445 635 2475 tibi
651 2454 810 2484 suprema
827 2450 925 2475 nocte
942 2445 1050 2485 petita
1068 2449 1118 2475 est
1165 2444 1189 2484 Ι,
1209 2445 1261 2476 80.
