1684 2763
759 134 1226 194 EPIGRAMMATON
1259 137 1360 174 LIB.
1392 136 1473 173 VII

253 260 392 285 omnes
421 245 561 285 obvius
590 245 682 284 hinc
712 253 750 285 et
780 246 872 285 hinc
901 254 1033 286 tenere

254 320 292 351 et
322 320 456 359 totam,
489 312 598 358 Line,
630 311 780 350 basiare
811 313 995 350 Romam.

252 378 349 426 quid
378 390 513 427 posses
541 376 774 427 graviusque
802 376 1034 427 saeviusque
1462 396 1478 426 5

254 455 460 491 percussus
490 443 616 480 facere
645 450 764 491 atque
793 442 1046 480 verberatus?

252 507 329 545 hoc
358 520 421 545 me
450 507 590 556 frigore
619 507 745 546 basiet
775 520 849 545 nec
880 521 976 545 uxor

252 571 408 610 blandis
439 572 518 610 filia
547 586 620 611 nec
650 572 757 610 rudis
787 572 950 619 labellis,

251 638 322 675 sed
351 644 393 675 tu
422 637 575 676 dulcior
603 637 908 687 eleganffiorque,

250 701 362 739 cuius
391 701 509 741 livida
537 702 696 740 naribus
725 702 875 740 caninis
1439 718 1478 740 10

252 767 452 816 dependet
480 767 623 816 glacies
652 767 827 817 rigetque
857 768 988 814 barba,

251 833 409 881 qualem
439 832 639 871 forficibus
670 832 781 870 metit
810 832 959 882 supinis

251 903 386 934 tonsor
415 897 613 947 Cinyphio
643 897 744 936 Cilix
774 897 924 935 marito.

252 962 424 1001 Centum
454 975 656 1000 occurrere
686 963 790 1000 malo
820 961 1057 1011 cunnilingis

250 1034 289 1065 et
318 1028 476 1065 Gallum
506 1027 627 1065 timeo
657 1027 786 1065 minus
815 1036 1024 1066 recentem.
1438 1043 1475 1075 15

249 1104 370 1141 quare
399 1091 430 1130 si
460 1091 531 1130 tibi
560 1106 697 1131 sensus
727 1100 785 1130 est
813 1093 1031 1142 pudorque,

250 1155 444 1204 hibernas,
478 1157 586 1203 Line,
619 1157 858 1196 basiationes

249 1221 289 1259 in
319 1235 495 1260 mensem
526 1236 620 1273 rogo
649 1222 804 1261 differas
834 1222 1022 1273 Aprilem.

630 1300 767 1338 XCVI

142 1362 338 1401 Conditus
368 1363 432 1402 hic
461 1377 534 1414 ego
564 1377 651 1402 sum
683 1363 794 1402 Bassi
824 1365 947 1410 dolor,
979 1362 1148 1402 Vrbicus
1178 1363 1317 1410 infans,

195 1427 258 1465 cui
286 1441 410 1478 genus
439 1436 477 1466 et
505 1441 651 1466 nomen
682 1428 851 1466 maxima
882 1430 1012 1466 Roma
1041 1427 1161 1466 dedit.

143 1506 208 1531 sex
238 1492 334 1530 mihi
364 1494 414 1531 de
444 1492 568 1542 prima
598 1494 737 1531 derant
767 1492 964 1531 trieteride
994 1506 1161 1539 menses,

194 1565 381 1607 ruperunt
410 1557 570 1596 tetricae
600 1571 690 1595 cum
721 1559 822 1596 male
851 1571 973 1607 pensa
1002 1559 1111 1596 deae.

141 1622 237 1672 quid
266 1622 428 1672 species,
460 1612 555 1672 qhid
585 1622 718 1672 lingua
747 1622 853 1670 mihi,
885 1622 982 1672 quid
1011 1621 1156 1673 profuit
1184 1624 1323 1660 aetas?
1454 1639 1470 1669 5

195 1689 246 1726 da
274 1687 452 1725 lacrimas
482 1689 648 1734 tumulo,
680 1687 748 1737 qui
777 1687 871 1737 legis
901 1687 985 1734 ista,
1018 1701 1131 1725 meo:

141 1753 196 1791 sic
224 1754 275 1791 ad
306 1754 512 1800 Lethaeas,
545 1753 619 1791 nisi
650 1754 818 1791 Nestore
848 1752 978 1799 serior,
1010 1754 1138 1791 undas

196 1831 275 1856 non
305 1826 377 1865 eat,
410 1818 565 1869 optabis
595 1832 715 1869 quem
745 1832 948 1869 superesse
978 1817 1060 1856 tibi.

619 1896 778 1934 XCVII

249 1959 365 1998 Nosti
395 1960 424 1997 si
456 1959 558 1998 bene
588 1959 785 2007 Caesium,
817 1959 958 2006 libelle,

250 2033 463 2064 montanae
492 2027 614 2064 decus
643 2025 834 2063 Vmbriae
864 2025 1067 2071 Sabinum,

185 2112 280 2143 XCV
303 2123 324 2152 3
348 2112 465 2143 obuios
481 2112 571 2143 codd.
594 2113 662 2152 (-us
678 2112 727 2151 A)
942 2123 961 2150 4
985 2112 1109 2142 basiam
1129 2111 1176 2142 CA
1195 2112 1276 2152 (pro
1292 2111 1396 2151 basia,
1416 2112 1434 2142 i.
1445 2122 1467 2141 e.

142 2156 288 2196 basiare)
378 2157 506 2187 romani
526 2157 574 2187 CA
594 2156 644 2196 (ni
658 2159 719 2194 pro
733 2157 779 2189 m}
883 2165 903 2194 5
928 2166 1048 2195 posses
1064 2155 1140 2185 BA:
1165 2155 1275 2195 possis
1294 2155 1341 2185 CA
1435 2165 1470 2195 ,7

143 2199 224 2234 nec‘l
242 2209 286 2230 ne
302 2199 357 2229 BA
466 2210 504 2229 12
528 2199 721 2230 sormicibus
740 2199 788 2230 CA
880 2209 918 2238 13
942 2199 1043 2239 cylex
1059 2198 1116 2229 BA
1217 2200 1256 2229 16
1279 2208 1404 2238 quaere
1423 2198 1469 2229 CA

146 2252 183 2282 17
207 2242 381 2273 libertinas
397 2242 624 2273 libasiationes
640 2243 694 2273 BA

186 2285 297 2316 XCVI
321 2297 370 2317 vv.
394 2288 454 2316 1-6
476 2287 547 2317 lzab.
568 2286 600 2315 R
703 2296 716 2316 1
743 2286 821 2316 hinc
841 2285 887 2316 CA
906 2289 943 2316 ut
957 2284 1022 2317 vid.
1126 2295 1145 2315 2
1171 2285 1314 2316 maxime
1330 2284 1364 2314 R
1451 2293 1471 2322 3

143 2329 308 2360 dederant
327 2329 373 2360 CA
441 2329 602 2360 trientide
620 2333 657 2359 ut
672 2329 734 2360 vid.
755 2329 811 2359 BA
830 2334 903 2369 gent
915 2335 978 2370 pro
995 2334 1039 2367 et,
1060 2329 1078 2360 ι’.
1088 2339 1110 2360 e.
1132 2329 1220 2366 eter)
1341 2339 1359 2366 4
1384 2327 1470 2357 male

143 2371 319 2404 Heinsius:
348 2373 433 2403 mala
449 2373 537 2403 codd.
629 2383 737 2412 pense
753 2373 787 2402 R
897 2383 914 2412 7
939 2372 1050 2403 serior
1065 2372 1139 2404 BA:
1163 2371 1272 2402 serius
1289 2371 1337 2402 CA
1449 2371 1468 2399 8

145 2425 260 2446 nonne
275 2417 486 2454 adoptatauis
504 2416 552 2447 CA
643 2416 773 2447 obtabis
790 2414 821 2445 L

189 2477 296 2498 MART.
316 2476 366 2499 EF.
1343 2464 1382 2495 14
