1684 2763
224 152 279 188 M.
311 152 433 189 VAL.
466 152 778 191 MARTIALIS

224 263 431 313 laurigeros
462 263 610 302 habitat
639 265 832 302 facundus
862 266 980 303 Stella
1009 264 1173 314 penatis,

275 329 400 366 clarus
432 329 619 366 Iantheae
649 330 767 367 Stella
797 328 921 367 sititor
949 343 1099 378 aquae,

222 393 309 430 fons
338 392 392 430 ibi
423 393 616 432 Castalius
645 393 767 431 vitreo
796 401 965 432 torrente
995 394 1179 444 superbit,

275 459 381 496 unde
411 471 552 495 novem
583 458 763 496 dominas
793 471 909 507 saepe
939 458 1084 496 bibisse
1113 460 1264 497 ferunt:

222 522 284 559 ille
314 521 423 559 dabit
452 524 599 572 populo
628 522 881 572 patribusque
911 522 1111 572 equitique
1140 524 1349 572 legendum
1510 539 1546 570 15

275 600 347 624 nec
376 586 539 624 nimium
571 587 683 624 siccis
712 589 882 636 perleget
911 587 993 636 ipse
1021 587 1140 637 genis.

223 651 329 700 Quid
359 651 514 689 titulum
545 651 706 700 poscis?
743 664 874 689 versus
905 653 985 690 duo
1015 659 1139 690 tresve
1169 653 1354 702 legantur,

275 717 500 754 clamabunt
530 729 668 754 omnes
699 723 747 762 te,
778 716 885 762 liber,
918 730 1001 754 esse
1033 730 1176 754 meum.

679 804 744 840 III
777 802 870 853 (IV)

222 874 341 920 Quod
373 874 514 910 Flacco
542 871 742 922 Varioque
771 872 842 910 fuit
871 886 1106 923 summoque
1137 873 1293 911 Maroni

275 939 498 984 Maecenas,
529 937 650 975 atavis
680 937 834 987 regibus
864 946 971 975 ortus
1001 951 1132 987 eques,

219 1002 400 1051 gentibus
430 1011 467 1040 et
497 1001 651 1051 populis
681 1003 757 1040 hoc
786 1010 824 1040 te
854 1002 960 1049 mihi,
993 1003 1123 1041 Prisce
1157 1002 1330 1050 Terenti,

273 1069 375 1105 sarna
404 1067 522 1106 fuisse
551 1069 694 1116 loquax
723 1069 934 1117 chartaque
964 1068 1068 1106 dicet
1097 1081 1205 1106 anus.

221 1140 260 1169 tu
290 1132 385 1170 facis
415 1132 626 1181 ingenium,
655 1139 707 1178 tu,
740 1132 769 1169 si
800 1132 895 1181 quid
925 1146 1040 1182 posse
1069 1132 1275 1180 videmur,
1527 1149 1544 1180 5

274 1205 314 1234 tu
345 1198 414 1235 das
444 1196 636 1246 ingenuae
665 1196 724 1234 ius
754 1196 849 1234 mihi
880 1196 1067 1246 pigritiae.

801 1285 858 1320 IV
889 1284 959 1334 (V)

222 1354 393 1404 Longior
421 1353 620 1391 undecimi
651 1352 765 1391 nobis
794 1353 1018 1403 decimique
1047 1353 1167 1391 libelli

271 1427 417 1457 artatus
445 1419 555 1456 labor
584 1426 641 1456 est
670 1426 707 1456 et
737 1419 853 1457 breve
883 1418 973 1456 rasit
1003 1431 1112 1468 opus.

220 1486 329 1533 plura
358 1485 487 1532 legant
516 1483 639 1530 vacui,
671 1483 813 1532 quibus
843 1483 923 1521 otia
951 1491 1033 1521 tuta
1063 1482 1229 1521 dedisti:

272 1550 369 1586 haec
399 1550 483 1598 lege
513 1555 565 1594 tu,
598 1549 765 1596 Caesar,
804 1550 932 1586 forsan
963 1556 1000 1586 et
1030 1548 1093 1585 illa
1122 1549 1235 1597 leges.

698 1637 735 1672 V
766 1636 845 1687 (II)

220 1708 332 1754 Quae
363 1707 483 1743 modo
512 1705 669 1744 litoreos
699 1706 813 1744 ibatis
842 1705 1014 1744 carmina
1044 1708 1200 1755 Pyrgos,

272 1770 322 1808 ite
353 1771 593 1808 sacra—iam
624 1784 704 1808 non
734 1770 1130 1821 pulverulenta—via.

739 1869 798 1905 VI

218 1938 391 1987 Contigit
420 1937 620 1976 Ausoniae
648 1951 852 1987 procerum
882 1936 1109 1975 mitissimus
1137 1937 1249 1974 aulae

271 2004 424 2041 Nerva:
458 2002 547 2041 licet
576 2010 660 2040 toto
689 2016 794 2040 nunc
825 2002 1021 2040 Helieone
1050 2001 1146 2039 frui:

262 2111 300 2131 12
327 2101 450 2139 petitor
462 2101 538 2131 BA:
561 2101 673 2131 sititor
692 2100 741 2131 CA
898 2110 935 2139 13
959 2100 1110 2139 superbit
1126 2098 1203 2129 BA:
1225 2098 1383 2138 superbis
1396 2097 1484 2139 (422)
1503 2102 1540 2128 ut

217 2144 278 2175 vid.
299 2145 347 2175 CA
365 2145 534 2183 (superbis
550 2144 611 2174 EA
622 2144 658 2181 V,
673 2143 839 2183 superbus
855 2142 909 2183 Χ)
1087 2153 1124 2180 14
1151 2143 1276 2173 uiuisse
1295 2142 1345 2172 CA
1363 2142 1432 2182 (zze.
1450 2141 1539 2179 bib-)

218 2189 329 2218 serunt
351 2187 430 2218 BA:
454 2188 564 2218 serant
582 2187 631 2218 CA
765 2188 803 2216 16
826 2186 898 2226 ipse
914 2186 991 2216 BA:
1015 2186 1077 2216 ista
1097 2185 1146 2216 CA
1271 2195 1308 2224 17
1334 2185 1492 2224 leguntur
1514 2184 1544 2215 T

219 2231 257 2261 18
281 2231 466 2261 clamabant
490 2231 518 2261 T
698 2230 749 2260 ΙΙΙ
773 2241 792 2268 4
817 2230 898 2260 dicit
912 2230 967 2260 BA
980 2231 1052 2269 (pro
1067 2235 1116 2260 -et
1128 2229 1171 2263 ἳδε
1197 2229 1284 2259 dicet
1303 2227 1352 2258 CA
1447 2238 1467 2266 5
1490 2227 1538 2258 ui-

216 2275 338 2304 dentur
356 2274 405 2304 CA
536 2275 556 2303 6
581 2273 675 2314 mihi]
694 2274 804 2304 minus
823 2272 872 2303 CA
959 2273 1100 2312 peritiae
1117 2272 1173 2301 BA

261 2317 359 2346 IV—V
376 2327 451 2347 cum
468 2316 514 2346 VI
537 2318 598 2346 1-6
615 2328 681 2347 om.
704 2316 752 2347 CA

257 2361 286 2390 V
315 2371 328 2391 1
355 2371 481 2399 pyrgas
498 2360 586 2391 cod.:
611 2371 690 2390 corr.
708 2359 781 2390 Ital.

256 2404 302 2434 VI
320 2414 394 2434 cum
413 2403 459 2434 111
478 2403 570 2442 confl.
591 2406 669 2445 (om.
689 2414 739 2435 vv.
762 2404 838 2443 1—6)
858 2402 905 2433 CA
1036 2412 1056 2432 2
1080 2406 1150 2432 tuto
1168 2402 1211 2443 (ἓ)
1222 2400 1448 2432 Friedlaendcr
