1684 2763
489 156 670 193 INDEX
710 156 1196 206 EPIGRAMMATON,

232 266 423 296 Herbarum
440 266 553 296 fueras
572 267 719 301 indutus,
738 266 854 305 Basse,
875 267 1009 297 colores
1054 267 1094 305 V,
1113 277 1165 305 23.

232 309 390 340 Herculis
407 311 439 340 in
459 310 569 349 magni
584 311 695 340 voltus
716 311 922 341 descendere
939 311 1066 341 Caesar
1112 310 1172 346 IX,
1192 311 1244 349 64.

233 353 404 383 Heredem
423 363 497 384 cum
516 364 568 383 me
585 355 690 392 partis
706 354 775 391 tibi,
794 354 944 391 Gai-rice,
963 359 1102 393 quartae
1148 353 1209 390 IX,
1228 354 1280 392 48.

233 397 405 427 Heredem
424 398 544 427 Fabius
560 397 742 427 Labienum
763 408 805 427 ex
823 407 898 427 asse
915 398 1048 436 reliquit
1094 397 1172 435 VII,
1191 398 1244 428 66.

231 440 404 470 Heredem
422 441 480 471 tibi
497 451 561 476 me,
581 441 722 479 Catulle,
742 442 825 471 dicis
870 441 948 477 XII,
965 451 1016 480 73.

232 484 400 517 Heredes,
419 484 523 514 nolite
541 484 676 514 brevem
694 484 841 522 sepelire
859 485 1014 515 colonum
1061 483 1123 521 XI,
1145 493 1195 522 14.

232 527 378 557 Hermes
397 528 517 558 Martia
532 528 656 558 saeculi
674 528 828 566 voluptas
872 528 914 558 V.
932 538 982 566 24.

231 570 472 610 Hermogenes
489 576 604 601 tantus
622 581 720 609 mapp
733 581 829 604 irum,
850 570 1028 607 †Castrice
1039 573 1062 607 r.
1079 570 1131 600 sur
1149 576 1198 601 est
1246 569 1325 607 XII,
1344 570 1395 600 28.

232 614 406 645 Hesterna
422 615 543 644 sactum
562 619 727 645 narratur.
747 614 919 650 Postume,
939 625 1022 644 cena
1066 613 1110 645 ΙΙ,
1130 624 1182 652 72.

232 658 403 688 Hesterna
420 658 478 688 tibi
498 662 597 687 nocte
613 658 806 687 dixeramus
853 657 879 688 Ι.
898 667 948 695 27.

232 701 404 731 Hesterno
421 702 526 731 fetere
545 711 637 731 mero
654 701 709 739 qui
726 700 831 731 credit
848 700 1009 731 Acerram
1051 701 1077 731 Ι.
1095 702 1147 732 28.

229 752 235 760 ⁸
252 745 471 775 Hexametris
487 744 694 783 epigramma
708 744 789 774 sacis
804 743 812 755 “
829 745 899 774 scio
918 745 1030 774 dicere
1047 745 1193 775 Tuccam
1239 743 1297 781 Vl,
1316 744 1367 782 65.

233 788 385 818 Hiberna
400 789 553 827 quamvis
568 788 690 818 Arctos
708 793 741 818 et
760 788 850 817 rudis
868 788 978 818 Peuce
1022 788 1100 826 VII,
1120 799 1148 827 7.

232 831 404 862 Hibernos
421 836 576 870 peterent
593 832 694 861 solito
711 842 784 861 cum
803 841 896 861 more
913 842 1068 862 recessus
1114 832 1154 865 V,
1171 833 1223 870 67.

232 875 298 905 Hic
315 876 425 905 brevis
443 876 483 905 ad
503 885 658 904 numeros
678 875 828 914 rapidum
848 875 902 913 qui
920 875 1047 914 colligit
1063 886 1209 915 unguem
1250 874 1344 913 XIV,
1358 883 1427 913 199.

232 919 296 948 Hic
316 925 388 949 erat
407 920 462 949 ille
480 924 537 949 tuo
553 919 709 955 domitus,
728 918 922 957 Cyparisse,
942 920 1113 958 capistro?
1161 918 1258 955 XIII,
1276 919 1328 957 96.

231 962 297 992 Hic
315 964 390 995 erit.
410 968 444 993 ut
462 962 640 1001 perhibent
658 963 831 992 doctorum
851 963 953 992 corda
969 963 1115 993 virorum
1162 962 1254 1000 XIV,
1274 972 1344 1001 191.

232 1006 298 1036 Hic
317 1012 368 1036 est
386 1007 577 1045 pampineis
594 1006 709 1036 viridis
727 1006 825 1036 modo
841 1005 985 1036 Vesbius
1004 1007 1129 1036 umbris
1176 1005 1233 1043 IV,
1251 1017 1302 1044 44.

233 1049 298 1080 Hic
317 1055 367 1080 est
383 1060 481 1088 quem
500 1049 584 1087 legis
602 1049 668 1082 ille,
687 1060 785 1087 quem
806 1049 950 1087 requiris
996 1049 1022 1081 I.
1045 1059 1069 1081 Ι.

232 1093 298 1123 Hic
316 1093 474 1124 festinata
493 1094 673 1132 requiescit
692 1093 830 1123 Erotion
850 1093 965 1123 umbra
1012 1093 1055 1130 X,
1073 1095 1126 1124 6¹.

233 1136 297 1166 Hic
317 1138 402 1167 iacet
420 1137 476 1167 ille
493 1147 601 1166 senex
618 1136 773 1174 Augusta
793 1141 893 1166 notus
909 1137 942 1166 in
960 1137 1035 1166 aula
1081 1136 1158 1174 VII,
1176 1147 1230 1175 40.

233 1180 299 1210 Hic
317 1192 416 1219 quem
434 1181 558 1211 videtis
574 1180 746 1218 gressibus
763 1180 856 1217 vagis
873 1180 999 1210 lentum
1047 1179 1090 1211 ΙΙ,
1110 1190 1161 1219 57.

232 1223 299 1254 Hic
316 1225 371 1263 qui
390 1225 472 1254 dura
491 1225 614 1254 sedens
633 1229 788 1262 porrecto
808 1233 889 1252 saxa
907 1224 1004 1254 leone
1052 1223 1113 1260 IX,
1131 1233 1182 1261 43.

232 1267 298 1298 Hic
319 1268 373 1306 qui
393 1267 514 1297 libellis
532 1277 750 1305 praegravem
768 1267 853 1305 gerit
871 1267 997 1297 laevam
1042 1266 1083 1297 V.
1103 1277 1151 1304 51.

232 1311 298 1341 Hic
315 1322 442 1344 scaruS,
459 1311 636 1349 aequoreis
653 1311 708 1348 qui
727 1310 819 1339 venit
834 1311 956 1339 adesus
973 1312 1014 1339 ab
1032 1310 1131 1340 undis
1177 1308 1275 1347 XIII,
1291 1308 1343 1346 84.

232 1354 298 1385 Hie
316 1355 372 1384 tibi
391 1355 535 1384 donatur
552 1354 662 1392 panda
680 1354 779 1383 ruber
797 1364 916 1383 urceus
935 1364 1017 1383 ansa
1068 1353 1160 1388 XIV,
1184 1354 1254 1382 106.

234 1398 298 1428 Hic
317 1399 375 1428 tibi
393 1404 575 1428 nocturnos
593 1397 777 1436 praestabit
794 1407 914 1427 cereus
930 1397 1026 1435 ignes
1074 1396 1165 1434 XIV,
1184 1406 1236 1435 42.

234 1441 298 1471 Hic
316 1442 369 1472 ubi
389 1442 557 1471 Fortunae
576 1441 726 1471 Reducis
744 1440 909 1479 fulgentia
926 1441 993 1470 late
1037 1440 1132 1477 VIII,
1153 1441 1205 1479 65.

232 1485 299 1516 Hic
318 1485 371 1515 ubi
389 1485 543 1515 sidereus
561 1485 700 1523 propius
718 1485 809 1514 videt
826 1490 916 1514 astra
934 1485 1086 1515 colossus
1124 1483 1186 1524 Ep.
1204 1493 1234 1514 2.

234 1529 297 1559 His
315 1529 373 1558 tibi
393 1529 434 1558 de
451 1529 549 1558 mulis
565 1538 631 1557 non
651 1532 701 1557 cst
720 1529 900 1558 metuenda
919 1528 1014 1558 ruina
1060 1527 1152 1560 XIV,
1173 1536 1242 1565 197.

234 1572 309 1602 Hoc
327 1583 429 1610 agere
449 1577 501 1603 est
514 1582 642 1604 causas,
663 1572 725 1601 hoc
745 1572 869 1609 dicere,
890 1571 1012 1607 Cinna,
1030 1571 1156 1601 diserte
1202 1569 1294 1608 VIII,
1318 1578 1345 1606 7.

234 1616 308 1646 Hoc
324 1617 366 1646 de
383 1617 561 1646 Caesareis
579 1616 669 1644 mitis
687 1616 856 1645 vindemia
873 1615 967 1645 cellis
1012 1614 1107 1653 XIII,
1130 1624 1200 1653 109.

234 1659 321 1697 Hoc,
342 1660 500 1691 Fortuna.
519 1660 576 1688 tibi
593 1660 726 1689 videtur
743 1661 908 1697 aequum?
956 1658 998 1696 X,
1020 1660 1069 1696 76.

234 1703 309 1733 Hoc
329 1704 413 1733 iacet
433 1704 465 1733 in
484 1703 609 1732 tumulo
628 1707 743 1741 raptus
761 1702 946 1741 puerilibus
963 1703 1062 1732 annis
1106 1701 1163 1739 VI,
1183 1711 1234 1740 52.

235 1747 309 1776 Hoc
328 1757 448 1776 nemus
465 1751 605 1775 aeterno
624 1747 772 1776 cinerum
791 1747 935 1775 sacravit
954 1746 1075 1775 honori
1124 1744 1148 1783 I,
1173 1745 1244 1774 116.

235 1790 312 1820 Hoc
330 1800 457 1827 nemus,
479 1791 510 1819 hi
530 1789 650 1823 sontes,
672 1790 754 1819 haec
773 1790 900 1819 textilis
917 1790 1032 1818 umbi-a
1053 1789 1164 1826 supini
1212 1786 1289 1825 XII,
1308 1796 1359 1825 31.

236 1833 310 1862 Hoc
327 1834 387 1863 tibi
408 1833 572 1871 Campani
591 1833 723 1862 sudavit
741 1833 823 1862 baca
839 1832 977 1861 Venafri
1026 1831 1123 1863 Xlll.
1144 1840 1214 1861 101.

236 1876 312 1907 Hoc
331 1877 401 1910 tibi.
420 1876 590 1906 Palladiae
607 1886 666 1905 seu
683 1876 823 1905 collibus
841 1876 946 1905 uteris
961 1874 1068 1904 Albae
1112 1874 1152 1907 V.
1175 1883 1198 1904 1.

236 1920 312 1950 Hoc
330 1921 388 1950 tibi
408 1920 569 1958 quidquid
587 1919 619 1948 id
638 1924 689 1949 est
706 1919 902 1956 longinquis
919 1919 1018 1948 mittit
1035 1919 1076 1948 ab
1092 1918 1162 1947 oris
1208 1916 1268 1953 ΙΙΙ,
1289 1927 1315 1947 1.

237 1963 310 1993 Hoc
328 1964 386 1994 tibi
404 1963 528 1992 Thesei
547 1962 740 2001 populatrix
758 1962 846 1992 misit
866 1961 1021 2000 Hymetti
1068 1960 1164 1999 XIII,
1189 1971 1257 1998 104.

236 2007 490 2045 Hoplomachus
508 2016 595 2036 nunc
614 2016 661 2039 es,
682 2005 793 2035 fueras
810 2005 1034 2043 opthalmicus
1054 2009 1132 2035 ante
1178 2003 1270 2036 VIII,
1292 2013 1342 2042 74.

236 2050 350 2080 Horas
367 2051 516 2089 quinque
536 2060 619 2088 puer
635 2050 782 2078 nondum
799 2049 856 2078 tibi
876 2049 1007 2078 nuntiat
1025 2053 1058 2078 et
1075 2053 1108 2078 tu
1153 2046 1246 2085 VIII,
1266 2048 1319 2085 67.

238 2094 402 2124 Hortatur
420 2094 489 2123 fieri
510 2094 600 2132 quod
617 2097 648 2123 te
668 2093 790 2131 Lupus,
804 2093 938 2129 Vrbice,
956 2097 1083 2130 patrem
1132 2090 1192 2126 XI,
1212 2101 1265 2129 55.

238 2137 312 2167 Hos
328 2137 527 2167 Amiternus
544 2147 626 2174 ager
643 2136 795 2165 felicibus
812 2136 931 2165 educat
950 2136 1058 2165 hortis
1105 2133 1201 2172 XIII,
1221 2144 1272 2165 20.

238 2181 310 2210 Hos
329 2181 391 2210 nisi
410 2181 452 2210 de
471 2181 554 2210 flava
573 2179 697 2210 loculos
714 2179 854 2217 implere
873 2184 1006 2208 moneta
1053 2177 1143 2216 XIV,
1167 2188 1215 2208 12.

238 2224 312 2254 Hos
328 2234 460 2262 quoque
478 2223 675 2253 commenda
692 2222 868 2260 Venuleio,
890 2222 987 2260 Rufe,
1007 2221 1138 2251 libellos
1184 2220 1239 2259 IV,
1258 2221 1309 2250 82.

238 2268 312 2298 Hos
328 2268 399 2305 tibi,
419 2267 565 2299 Phoebe.
585 2272 684 2296 vovet
703 2272 790 2296 totos
807 2277 824 2295 a
841 2266 970 2295 vertice
987 2266 1099 2295 crines
1144 2263 1170 2300 I,
1190 2274 1243 2303 31.

238 2311 312 2341 Hos
329 2312 388 2341 tibi
405 2311 543 2345 vicinos,
565 2310 734 2347 Faustine,
752 2309 984 2348 Telesphorus
1001 2309 1116 2338 hortos
1162 2307 1186 2345 I,
1209 2317 1279 2346 114.

239 2355 377 2394 Hospes
394 2364 469 2384 eras
487 2354 591 2384 nostri
610 2363 753 2392 semper,
775 2353 901 2390 Matho,
921 2352 1087 2382 Tiburtini
1134 2351 1189 2384 IV,
1211 2362 1260 2389 79.

238 2398 382 2428 Hostem
401 2408 474 2428 cum
494 2397 634 2435 fugeret.
654 2407 690 2426 se
710 2396 858 2426 Fannius
876 2397 949 2435 ipse
966 2396 1109 2434 peremit
1154 2393 1196 2432 II,
1216 2395 1269 2425 80.

240 2441 316 2472 Huc
334 2446 385 2472 est
402 2451 506 2480 usque
524 2441 583 2471 tibi
601 2441 755 2480 scriptus,
777 2445 940 2478 matrona,
960 2439 1093 2469 libellus
1138 2437 1198 2477 Ill,
1217 2438 1270 2468 68.
