1684 2763
230 148 286 183 M.
319 148 391 184 VA
398 148 440 184 L.
473 149 784 187 MARTIALIS

724 260 843 299 XCII
1478 258 1526 275 ⁹²

232 327 294 365 ‘Si
325 327 420 377 quid
450 341 549 378 opus
579 329 703 376 fuerit,
734 330 808 368 scis
838 344 901 368 me
931 344 1012 369 non
1042 344 1126 369 esse
1156 334 1398 382 rogandum'

282 406 363 430 uno
393 393 452 430 bis
482 393 590 441 dicis,
624 396 804 442 Baccara,
836 402 972 445 terque
1001 396 1076 434 die.

230 459 412 506 Appellat
441 457 563 507 rigida
592 459 708 497 tristis
738 474 801 498 me
829 474 926 499 voce
956 462 1185 500 Secundus:

282 522 394 560 audis
424 531 462 561 et
491 523 631 571 nescis,
661 526 844 572 Baccara,
873 525 968 575 quid
998 526 1046 563 sit
1075 540 1185 575 opus.

230 587 366 636 pensio
396 596 433 625 te
462 601 594 626 coram
624 589 766 638 petitur
795 591 975 639 clareque
1004 592 1235 640 palamque:
1536 607 1552 636 5

281 652 394 691 audis
424 660 461 690 et
490 653 628 699 nescis,
662 655 847 701 Baccara,
875 655 970 704 quid
1001 655 1049 693 sit
1078 668 1188 704 opus.

229 730 313 755 esse
343 731 483 766 queror
511 718 738 768 gelidasque
768 718 863 756 mihi
893 719 1079 769 tritasque
1108 722 1307 758 lacernas:

281 782 393 820 audis
423 790 460 820 et
490 782 628 829 nescis,
662 785 842 830 Baccara,
874 784 971 834 quid
1000 784 1048 823 sit
1077 798 1187 834 opus.

233 849 324 885 Hoc
354 860 453 897 opus
483 855 550 893 est,
583 848 714 886 subito
744 850 813 886 fias
843 857 884 886 ut
914 849 1040 888 sidere
1070 858 1212 895 mutus·‚

283 912 413 950 dicere
442 926 491 950 ne
521 912 656 962 possis,
689 914 882 951 Baccara:
923 913 976 951 ‘si
1005 914 1102 964 quid
1130 917 1252 964 opus.’
1518 930 1554 951 10

684 985 827 1023 XCIII

231 1053 387 1099 Narnia,
419 1054 630 1102 sulphureo
659 1067 777 1103 quam
807 1055 955 1104 gurgite
984 1055 1176 1093 candidus
1204 1055 1330 1093 amnis

285 1117 430 1163 circuit,
462 1117 623 1167 ancipiti
653 1118 714 1155 vix
743 1120 927 1157 adeunda
956 1119 1057 1169 iugo,

231 1182 325 1231 quid
356 1190 435 1220 tam
466 1196 582 1232 saepe
612 1196 743 1220 meum
775 1184 889 1221 nobis
918 1185 1114 1223 abducere
1145 1185 1339 1233 Quintum

285 1256 322 1285 te
352 1247 456 1284 iuvat
486 1255 523 1285 et
553 1249 658 1285 lenta
686 1247 903 1287 detinuisse
936 1251 1073 1287 mora?

231 1312 325 1361 quid
357 1312 598 1350 Nomentani
627 1326 785 1350 causam
816 1312 910 1350 mihi
941 1314 1070 1362 perdis
1099 1314 1223 1363 agelli,
1538 1330 1555 1360 5

285 1386 442 1427 propter
470 1377 642 1415 vicinum
673 1377 738 1427 qui
769 1378 961 1427 pretiosus
991 1380 1101 1416 erat?

231 1444 299 1480 sed
330 1442 406 1480 iam
437 1456 552 1492 parce
583 1442 688 1489 mihi,
721 1456 793 1480 nec
822 1443 995 1489 abutere,
1028 1443 1187 1490 Narnia,
1220 1443 1393 1491 Quinto:

285 1515 474 1557 perpetuo
503 1507 616 1545 liceat
645 1507 700 1545 sic
730 1507 799 1545 tibi
829 1516 949 1557 ponte
979 1508 1062 1546 frui.

718 1578 855 1616 XCIV

232 1645 486 1692 Vnguentum
516 1643 650 1688 suerat,
682 1644 790 1692 quod
819 1657 922 1692 onyx
951 1645 1072 1681 modo
1102 1657 1218 1693 parva
1246 1644 1428 1692 gerebat:

284 1707 415 1745 olfecit
445 1715 653 1756 postquam
685 1709 864 1756 Papylus,
896 1721 998 1754 ecce,
1030 1716 1212 1757 garumst.

730 1778 843 1816 XCV

340 1844 483 1879 Bruma
513 1849 570 1879 est
599 1848 637 1879 et
666 1841 761 1890 riget
791 1841 968 1879 horridus
1002 1843 1234 1888 December,

337 1907 459 1944 audes
489 1914 529 1944 tu
560 1914 692 1944 tamen
722 1907 858 1944 osculo
888 1906 1004 1944 nivali

275 2009 371 2039 XCII
397 2009 470 2039 hab.
495 2009 523 2039 T
654 2016 666 2036 1
693 2009 761 2038 scis
787 2008 921 2039 AACA2
959 2008 1016 2039 tibi
1042 2009 1097 2039 BA
1231 2020 1250 2039 2
1274 2019 1341 2039 uno
1359 2009 1408 2039 bis
1424 2007 1557 2039 AACA3

231 2052 280 2082 bis
298 2053 393 2082 nobis
407 2051 463 2081 ΒΑ
545 2051 641 2092 dicis]
660 2050 772 2082 decies
794 2052 822 2082 T
837 2056 912 2092 [pro
929 2053 1019 2082 dices
1034 2054 1057 2092 3)
1151 2053 1214 2091 5—8
1237 2063 1303 2083 om.
1328 2052 1381 2082 BA
1414 2054 1562 2092 (propter

230 2095 517 2129 lzonzoeotelentom
659 2103 678 2132 5
703 2101 736 2126 te
764 2105 876 2126 coram
904 2096 987 2126 AA:
1022 2100 1162 2126 curante
1189 2096 1236 2127 CA
1266 2101 1342 2135 tkpro
1368 2105 1479 2125 coram
1507 2095 1555 2131 te)

230 2140 260 2170 6.
280 2140 299 2168 8
324 2138 373 2179 et]
394 2140 453 2168 sed
473 2139 552 2175 <sem
573 2138 618 2168 CA
697 2150 717 2177 9
741 2145 792 2169 est
809 2149 873 2169 om.
901 2138 930 2168 T
1010 2144 1119 2169 mutes
1139 2138 1184 2168 CA
1265 2149 1303 2169 10
1328 2148 1390 2168 nec
1406 2138 1488 2168 AA:
1514 2148 1558 2168 ne

230 2181 337 2211 Basa
370 2182 428 2211 scd
443 2193 511 2212 non
529 2182 566 2221 E,
587 2192 650 2212 nec
670 2182 742 2220 VB)
805 2182 833 2212 si
850 2182 928 2220 quid
946 2192 1031 2220 opus
1050 2182 1189 2212 Gz'lberl:
1213 2182 1292 2220 quid
1309 2182 1351 2212 sit
1366 2191 1451 2221 opus
1468 2180 1555 2211 codd.

275 2225 391 2254 XCIII
417 2225 488 2256 lmb.
515 2225 543 2254 T
602 2235 614 2254 1
641 2226 738 2256 anuis
756 2229 792 2255 ut
807 2224 934 2256 vidssA
994 2236 1013 2262 4
1038 2225 1231 2256 detenuisse
1248 2225 1277 2254 T
1333 2235 1349 2263 7
1374 2230 1499 2264 quanto
1511 2224 1558 2254 CA

276 2268 386 2297 XCIV
409 2269 482 2300 lmb,
510 2268 538 2298 T
644 2269 729 2299 Cum
748 2268 863 2299 XCIII
882 2268 974 2306 const.
994 2268 1047 2297 BA
1174 2278 1185 2297 1
1213 2268 1341 2298 serebat
1356 2268 1414 2297 ΛΑ
1431 2279 1438 2298 z
1461 2277 1560 2306 gere·

231 2312 284 2341 bat
303 2311 407 2341 EAGx
578 2322 596 2341 2
622 2313 765 2352 papylus
783 2311 888 2351 (-pil-)
907 2310 1018 2341 AACA
1034 2322 1040 2341 :
1065 2310 1257 2350 pamphilus
1274 2311 1330 2341 BA
1439 2321 1555 2349 garum

233 2357 310 2384 (om.
334 2355 398 2384 est?i
420 2354 448 2383 T
463 2355 592 2393 (affort.
611 2355 683 2395 ΑΛ)
704 2355 791 2395 (cum
810 2355 849 2394 EQ
871 2366 878 2385 ε
902 2365 1017 2393 garum
1041 2359 1091 2384 est
1115 2354 1162 2384 CA
1179 2358 1206 2383 et
1222 2358 1258 2383 ut
1274 2354 1334 2385 vid.
1355 2353 1409 2383 BA
1429 2359 1556 2394 (carum

233 2408 261 2428 e.
278 2396 346 2435 PL,
366 2403 496 2436 gratum
515 2408 542 2428 e.
564 2398 608 2437 Q)
913 2397 1007 2427 XCV
1030 2408 1080 2429 vv.
1102 2407 1173 2435 1—4,
1191 2408 1264 2437 7—9‚
1286 2399 1390 2436 17-18
1404 2397 1478 2428 hab.
1502 2396 1531 2427 T
