1684 2763
234 139 289 176 M.
321 139 444 176 VAL.
476 139 789 176 MARTIALIS

606 250 736 289 CXII.
769 250 954 288 Setinum.

231 331 408 369 Pendula
438 330 670 381 Pomptinos
700 344 800 380 quae
829 338 978 380 spectat
1008 329 1112 369 Setia
1140 343 1313 380 campos,

284 395 421 445 exigua
449 397 600 434 vetulos
630 395 734 434 misit
762 396 812 433 ab
842 395 938 434 urbe
966 397 1098 434 cados.

558 506 712 544 CXIII.
744 506 991 542 Fundanum.

233 588 346 625 Haec
377 587 569 624 Fundana
597 585 685 623 tulit
713 585 803 623 felix
831 592 1043 623 autumnus
1074 585 1220 635 Opimi.

284 650 469 701 expressit
499 658 669 688 mustum
701 651 838 687 consul
868 658 906 688 et
934 650 1017 699 ipse
1046 650 1156 688 bibit.

571 761 603 798 C
608 761 717 797 XIV.
755 761 796 797 T
789 760 1001 808 rtsolinum.

232 840 323 877 Non
354 851 439 876 surn
470 839 519 876 de
548 837 686 888 primo,
718 839 851 885 fateor,
883 837 1053 876 trifolina
1082 839 1225 887 Lyaeo,

284 903 384 941 inter
412 901 502 939 vina
531 909 663 940 tamen
693 901 860 951 septima
888 901 975 939 vitis
1005 915 1082 940 ero.

595 1010 718 1049 CXV.
754 1009 974 1048 Caecubum.

231 1089 416 1128 Caecuba
446 1087 647 1126 Fundanis
675 1101 862 1138 generosa
891 1095 1083 1126 cocuntur
1110 1087 1299 1138 Amyclis,

284 1153 371 1191 vitis
401 1160 438 1191 et
468 1152 506 1190 in
538 1152 667 1191 media
697 1160 787 1190 nata
816 1153 960 1202 palude
990 1152 1095 1191 viret.

588 1263 734 1302 CXVI.
769 1263 983 1311 Signinum.

232 1344 392 1383 Potabis
422 1343 613 1393 liquidum
646 1344 806 1393 Signina
835 1343 1026 1381 morantia
1054 1344 1259 1381 ventrem?

284 1423 333 1447 ne
363 1409 527 1446 nimium
559 1409 681 1456 sistas,
713 1409 760 1447 sit
789 1409 858 1447 tibi
889 1422 1005 1459 parca
1034 1408 1126 1446 sitis.

537 1519 707 1557 CXVII.
739 1519 1034 1555 stsamertz'mmz.

232 1601 434 1650 Amphora
464 1600 656 1637 Nestorea
685 1599 755 1636 tibi
786 1599 1023 1636 Mamertina
1051 1606 1209 1636 senecta

285 1664 317 1702 si
346 1665 469 1711 detur,
501 1663 668 1713 quodvis
697 1677 843 1701 nomen
874 1664 1018 1701 habere
1047 1670 1186 1713 potest.

527 1774 720 1812 CXVIII.
759 1775 1047 1810 Tarraconense.

233 1861 413 1905 Tarraco,
445 1860 651 1909 Campano
680 1866 833 1896 tantum
863 1870 1017 1896 cessura
1047 1859 1188 1906 Lyaeo,

287 1926 383 1962 haec
413 1923 547 1973 genuit
576 1923 717 1961 Tuscis
746 1925 901 1961 aemula
928 1922 1018 1960 vina
1047 1922 1165 1960 cadis.

277 2027 375 2059 CXII
401 2027 472 2058 hab.
499 2027 528 2057 T
615 2036 628 2056 1
655 2027 817 2066 pompino
836 2026 884 2056 CA
973 2029 1123 2066 spectata
1139 2025 1217 2063 (om.
1237 2024 1344 2073 Setia)
1365 2024 1412 2055 CA

277 2071 393 2102 CXIII
419 2070 492 2100 lrab.
518 2069 547 2100 T
632 2079 645 2099 1
671 2069 868 2109 autumnus]
888 2073 946 2099 aut
964 2070 1098 2099 uinctus
1117 2068 1164 2098 CA
1253 2078 1365 2107 opima
1380 2067 1435 2097 BA
1537 2078 1556 2097 2

235 2120 378 2146 mustum
393 2113 508 2143 ΑΑΒΑ
523 2125 529 2143 :
554 2113 694 2144 mulsum
707 2113 757 2143 CA
823 2113 911 2143 bibet
921 2112 1027 2143 BACA
1043 2117 1121 2152 (pro
1138 2112 1190 2151 -it)
1303 2111 1417 2142 CXIV
1439 2110 1511 2141 hab.
1531 2110 1563 2141 T

233 2167 422 2188 TRIFOLIVM
440 2156 546 2187 ΒΑΕΑ
640 2167 653 2186 1
681 2157 722 2186 de
735 2166 801 2186 om.
820 2155 849 2186 T
932 2166 951 2185 2
975 2155 1070 2190 vina]
1088 2166 1171 2185 urna
1187 2155 1217 2184 T
1279 2154 1372 2195 uitis]
1391 2154 1489 2185 lautis
1502 2153 1556 2183 BA

235 2201 329 2232 CXV
344 2201 417 2230 lzab.
440 2200 469 2229 T
512 2209 525 2228 1
545 2199 792 2230 colunturAA:
816 2199 1096 2230 cocunturBACA
1163 2198 1281 2228 amieis
1294 2197 1348 2228 ΒΑ
1445 2196 1555 2228 CXVI

238 2256 250 2275 1
272 2244 407 2275 Potauis
423 2243 471 2274 CA
486 2244 553 2282 (tle.
566 2242 645 2281 bis)
703 2243 855 2282 potentia
871 2241 923 2271 BA
938 2246 1009 2283 (pro
1026 2242 1175 2273 tenentia
1186 2242 1226 2281 2):
1243 2240 1409 2272 morantia
1422 2239 1470 2271 CA
1537 2250 1557 2270 2

234 2289 333 2318 sistas
349 2287 391 2317 sit
403 2286 459 2317 M:
484 2286 576 2317 sitias
591 2287 634 2317 sit
646 2285 720 2316 BA:
746 2286 791 2316 sis
810 2287 893 2316 tanti
908 2285 954 2316 CA
970 2297 977 2316 t
1001 2287 1132 2323 sistant,
1147 2284 1189 2315 sit
1205 2284 1279 2315 Ital.
1325 2284 1430 2324 parba
1443 2286 1481 2313 ut
1491 2283 1553 2314 vid.

236 2331 284 2362 (Ἃ
303 2331 374 2370 (vix
384 2335 444 2370 pro
462 2332 579 2368 parua)
689 2329 818 2360 CXVII
846 2329 916 2359 lmb.
938 2329 967 2359 T
1011 2339 1023 2358 1
1052 2334 1210 2359 nestoreo
1226 2328 1281 2358 BA
1369 2337 1388 2357 2
1411 2331 1509 2366 potes
1532 2326 1563 2357 T

235 2373 383 2405 CXVIII
399 2374 471 2403 hah.
492 2374 521 2404 T
573 2383 591 2403 2
609 2372 701 2413 vina]
720 2373 825 2403 brena
842 2372 928 2410 Τῖιζΐ.
944 2371 989 2402 ad
997 2372 1119 2411 CXIV,
1133 2373 1178 2412 2),
1194 2371 1279 2401 unde
1291 2369 1384 2410 prela
1398 2369 1558 2400 Heinsius
