1684 2763
549 148 730 185 INDEX
769 146 1235 185 EPIGRAMMATON

289 259 371 288 Cum
390 261 523 297 peteret
539 267 663 297 regem,
685 257 827 296 decepta
845 257 990 288 satellite
1006 257 1127 288 dextra
1172 256 1198 295 1,
1217 258 1269 288 ‘21.

290 301 372 332 Cum
390 306 521 341 peteret
538 311 647 331 seram
664 301 774 331 media
791 302 855 331 iam
873 305 972 331 nocte
990 300 1157 331 matellam
1202 300 1260 339 VI,
1277 301 1332 339 89.

290 345 372 375 Cum
391 345 528 384 pinguis
545 345 626 374 mihi
643 349 752 374 turtur
767 345 844 381 erit,
861 345 991 375 lactuca
1008 345 1137 374 valebis
1182 343 1279 381 XIII,
1297 353 1350 383 53.

289 388 373 418 Cum
390 388 522 427 placeat
539 387 694 418 Phileros
711 393 782 418 tota
799 388 858 417 tibi
876 388 952 417 dote
970 388 1166 427 redemptus
1211 387 1255 425 ΙΙ,
1272 396 1325 425 34.

289 432 373 462 Cum
393 432 524 470 pluvias
540 431 777 470 madidumque
795 430 908 461 Iovem
926 431 1078 470 perferre
1095 435 1236 469 negaret
1280 429 1356 468 VII,
1374 431 1428 469 36.

289 475 373 505 Cum
390 479 489 513 potes
505 474 751 512 amethystinos
767 475 909 504 trientes
953 474 998 511 X,
1015 484 1067 512 49.

289 518 372 548 Cum
390 522 520 556 rogote
534 527 688 547 nummos
698 518 771 548 sine
786 518 941 556 pignore,
956 520 1039 547 ‘non
1052 515 1172 547 habeo'
1184 517 1296 555 inquis
1325 515 1406 555 XII,
1420 526 1470 555 25.

290 562 374 592 Cum
393 561 555 591 Saxetani
573 565 720 599 ponatur
737 560 819 590 coda
836 561 951 590 lacerti
997 559 1075 597 VII,
1095 561 1146 599 78.

291 605 373 634 Cum
390 614 472 634 sene
489 613 699 634 communem
716 608 815 633 vexat
839 604 946 641 spado
964 603 1156 641 Dindymus
1171 601 1304 641 Aeglen
1352 601 1413 640 XI,
1431 603 1486 632 81.

288 649 371 678 Cum
388 647 565 685 sexaginta
581 651 735 676 numeret
753 646 939 677 Cascellius
955 656 1063 676 annos
1108 645 1183 683 VII,
1197 657 1227 684 9.

289 691 372 721 Cum
387 691 456 720 sint
474 700 569 720 crura
587 689 659 725 tibi,
678 690 826 720 similent
842 700 929 728 quae
949 699 1074 720 cornua
1090 689 1190 719 lunae
1237 688 1281 727 II⁷
1297 698 1350 728 35.

289 734 372 764 Cum
391 734 438 763 sis
458 734 530 772 ipsa
549 733 638 763 dorni
657 734 834 771 mediaque
850 743 973 763 ornere
992 732 1123 763 Subura
1169 732 1230 770 IX,
1249 742 1301 771 37.

289 778 372 808 Cum
391 777 437 806 sis
455 787 516 806 nec
534 777 643 814 rigida
662 775 839 806 Fabiorum
858 780 961 815 gente
978 781 1111 807 creatus
1159 775 1218 813 VI7
1236 777 1290 814 64.

286 821 370 851 Cum
388 821 436 849 sis
453 826 519 850 tam
539 829 669 858 pauper
685 829 783 858 quam
803 830 864 849 nec
883 820 1087 850 miserabilis
1103 819 1176 850 Iros
1222 818 1280 851 VI.
1305 829 1357 857 77.

289 864 371 894 Cum
390 864 434 893 sit
452 873 536 893 anus
551 863 700 893 coniunx
716 867 749 893 et
766 863 833 893 sint
849 863 909 893 tibi
925 868 1054 893 mortua
1071 863 1219 893 membra
1265 862 1362 901 XIII,
1379 873 1432 902 34.

287 907 372 937 Cum
389 907 463 936 sitis
479 907 608 936 similes
625 916 791 945 paresque
807 907 876 936 vita
919 905 1012 945 VIII,
1031 916 1082 945 35.

288 951 372 980 Cum
390 950 522 980 steterit
539 949 651 980 nullus
667 950 757 979 vultu
775 950 834 979 tibi
852 949 938 979 talus
956 951 1076 980 eodem
1122 949 1217 988 XIV,
1239 959 1287 988 14.

290 994 371 1023 Cum
390 998 424 1023 te
443 993 645 1032 municipem
665 993 919 1023 Corinthiorum
965 993 1008 1023 X.
1027 994 1079 1032 65.

288 1037 372 1067 Cum
389 1042 421 1067 te
442 1047 510 1066 non
526 1046 670 1073 nossem,
690 1037 862 1066 dominum
881 1046 1063 1075 regemque
1081 1037 1240 1067 vocabam
1287 1034 1313 1072 Ι,
1334 1045 1408 1066 112.

288 1080 372 1110 Cum
388 1080 447 1110 tibi
466 1090 534 1110 non
553 1079 710 1118 Ephesos
729 1089 791 1110 nec
808 1081 851 1110 sit
866 1080 1008 1110 Rhodos
1026 1085 1082 1110 aut
1101 1080 1265 1117 Mitylene
1310 1078 1354 1117 X,
1372 1080 1427 1110 68.

288 1123 372 1154 Cum
391 1124 450 1153 tibi
470 1133 536 1153 non
555 1128 670 1153 essent
687 1133 747 1153 sex
766 1123 867 1159 milia,
887 1122 1079 1153 Caeciliane
1126 1122 1183 1155 IV.
1201 1133 1254 1162 51.

289 1167 373 1196 Cum
390 1167 449 1196 tibi
469 1171 550 1196 nota
566 1167 613 1196 tui
631 1167 673 1197 sit
688 1167 756 1196 vita
773 1166 924 1204 fidesque
945 1167 1055 1196 mariti
1101 1166 1180 1198 Xll.
1198 1168 1251 1204 96.

289 1210 373 1240 Cum
391 1210 451 1240 tibi
468 1210 512 1239 sit
528 1209 632 1239 facies
650 1210 692 1240 de
710 1220 774 1248 qua
791 1219 854 1239 nec
872 1209 998 1239 femina
1013 1210 1121 1248 possit
1166 1209 1242 1242 V11,
1263 1209 1310 1240 18.

288 1253 371 1283 Cum
389 1253 448 1283 tibi
468 1254 511 1283 sit
528 1253 669 1291 sophiae
686 1263 747 1292 par
763 1253 850 1282 fama
867 1258 900 1283 et
917 1262 998 1283 cura
1014 1254 1152 1283 deorum
1199 1252 1225 1290 Ι,
1243 1261 1311 1282 111.

288 1296 373 1326 Cum
391 1296 450 1326 tibi
467 1301 533 1326 tam
551 1306 683 1326 crassae
702 1295 779 1333 sint,
797 1296 1026 1329 Artemidore,
1043 1296 1199 1326 lacernae
1244 1294 1339 1333 VIII,
1356 1295 1408 1334 58.

289 1339 373 1369 Cum
393 1339 451 1369 tibi
469 1340 611 1369 trecenti
629 1340 797 1373 consules,
812 1339 993 1369 Vetustilla
1039 1338 1101 1377 ΙΙΙ,
1118 1349 1170 1378 93.

289 1383 372 1413 Cum
390 1383 447 1413 tibi
464 1388 649 1412 vernarent
666 1383 764 1412 dubia
782 1382 942 1421 lanugine
959 1382 1068 1413 malae
1114 1382 1158 1419 ΙΙ,
1176 1383 1228 1414 61.

289 1426 373 1456 Cum
392 1427 541 1456 traheret
560 1425 705 1463 Priscus,
722 1426 872 1456 traheret
887 1427 1072 1456 certamina
1088 1426 1199 1456 Verus
1243 1425 1303 1466 Ep.
1321 1435 1373 1464 29.

289 1469 372 1500 Cum
392 1474 438 1505 tu⁷
457 1469 633 1507 laurigeris
651 1479 772 1499 annum
791 1469 846 1508 qui
864 1469 1011 1499 fascibus
1027 1470 1132 1500 intras
1178 1469 1222 1506 X7
1244 1480 1293 1500 10.

290 1513 373 1543 Cum
391 1518 447 1542 tua
464 1518 628 1542 centenos
644 1518 817 1551 expunget
833 1513 983 1551 sportula
1001 1514 1091 1543 cives
1137 1512 1234 1550 XIII,
1258 1521 1327 1550 123.

289 1555 373 1586 Cum
392 1561 447 1586 tua
466 1566 532 1586 non
550 1556 643 1593 edas,
663 1556 773 1595 carpis
788 1567 862 1586 inca
880 1557 1041 1593 carmina,
1060 1556 1153 1586 Laeli
1201 1555 1227 1593 Ι,
1245 1567 1296 1594 91.

289 1599 372 1630 Cum
391 1604 445 1629 tua
462 1599 648 1637 sacrilegos
663 1605 789 1630 contra,
810 1600 980 1632 Not-bane.
999 1599 1128 1630 furores
1174 1598 1236 1636 IX,
1253 1600 1306 1637 84.

289 1642 372 1673 Cum
389 1652 491 1672 vocer
507 1643 549 1672 ad
567 1652 682 1672 cenam
701 1653 769 1673 non
788 1643 851 1672 iam
869 1643 1001 1673 venalis
1017 1649 1052 1673 ut
1069 1648 1147 1673 ante
1195 1641 1256 1674 III.
1274 1644 1327 1673 60.

290 1686 372 1716 Cum
392 1696 473 1716 voco
491 1691 523 1716 te
542 1686 727 1723 dominum,
747 1686 814 1716 noli
831 1687 903 1718 tibi.
922 1686 1044 1723 Cinna,
1058 1686 1192 1725 placere
1237 1685 1279 1723 V,
1297 1694 1348 1724 57.

291 1730 460 1759 Cunarum
479 1729 591 1759 fueras
609 1734 728 1766 motor,
747 1730 964 1763 Charideme,
983 1740 1132 1760 mearum
1179 1728 1241 1767 XI,
1260 1739 1313 1767 39.

290 1772 359 1802 Cur
371 1783 390 1802 a
407 1778 439 1802 te
456 1773 600 1811 pretium
620 1772 748 1804 Danae.
766 1778 926 1811 regnator
943 1773 1080 1812 Olympi
1128 1772 1222 1810 XIV,
1243 1781 1311 1810 175.

291 1815 368 1855 Cur,
389 1816 470 1845 here
489 1816 578 1854 quod
596 1816 750 1848 dederas.
770 1816 883 1853 hodie,
902 1826 985 1854 puer
1003 1816 1120 1855 Hylle,
1140 1816 1271 1855 negasti
1315 1814 1373 1853 IV,
1394 1825 1422 1854 7.

291 1858 358 1888 Cur
375 1869 443 1888 non
463 1859 558 1888 basio
577 1863 620 1895 te,
641 1858 815 1889 Philaeni?
841 1860 933 1889 calva
952 1870 989 1889 es
1035 1859 1079 1891 ΙΙ,
1096 1869 1147 1897 33.

291 1902 359 1931 Cur
376 1912 442 1932 non
461 1902 556 1931 mitto
574 1911 666 1931 meos
683 1901 753 1938 tibi,
771 1902 974 1938 Pontilianc,
992 1902 1147 1933 libellos?
1192 1901 1269 1939 VII,
1287 1912 1319 1941 3.

291 1945 360 1975 Cur
377 1955 480 1984 saepe
497 1945 576 1975 sicci
594 1954 700 1983 parva
718 1955 794 1975 rura
814 1945 972 1976 Nomenti
1020 1944 1100 1981 XII,
1118 1955 1170 1984 57.

291 1988 360 2018 Cur
376 1988 543 2027 spleniato
560 1997 664 2026 saepe
679 1989 839 2026 prodeam
856 1994 971 2019 mento
1017 1989 1060 2025 X,
1080 1998 1131 2019 22.

292 2031 361 2061 Cur
377 2036 506 2061 tantum
524 2031 700 2061 eunuchos
716 2032 837 2062 habeat
854 2037 910 2062 tua
927 2031 1036 2062 Gellia
1052 2032 1189 2070 quaeris
1232 2031 1292 2071 VI,
1310 2034 1363 2073 67.

291 2076 358 2104 Cur
375 2075 556 2105 tristiorem
573 2075 744 2105 cernimus
762 2075 955 2105 Saleianum
972 2077 980 2106 ἓ
1027 2074 1071 2112 11,
1088 2076 1141 2114 65.

292 2117 484 2148 Curandum
503 2128 625 2156 penem
643 2119 811 2148 commisit
828 2118 976 2149 Baccara
996 2118 1125 2149 Raetus
1170 2118 1232 2154 XI,
1251 2129 1302 2158 74.

292 2162 437 2191 Currant
452 2161 556 2191 verba
571 2161 660 2197 licet,
678 2171 797 2191 manus
813 2167 864 2191 est
880 2162 1030 2192 velocior
1046 2161 1112 2192 illis
1158 2161 1251 2200 XIV,
1270 2164 1345 2195 208.

293 2205 472 2235 Cursorem
490 2210 586 2234 sexta
604 2203 674 2242 tibi,
694 2203 794 2241 Rufe,
811 2204 1001 2235 remisimus
1018 2205 1102 2235 hora
1148 2204 1211 2242 ΙΙΙ,
1232 2216 1302 2238 100.

291 2249 459 2278 Custodes
476 2249 545 2284 das,
565 2248 670 2281 Polla,
688 2248 772 2285 viro,
792 2258 859 2277 non
876 2249 1002 2287 accipis
1016 2249 1090 2287 ipsa
1136 2248 1179 2285 X,
1197 2251 1251 2287 69.

293 2291 454 2330 Cyllenes
473 2291 623 2330 caelique
641 2291 756 2328 decus,
775 2290 917 2321 facunde
937 2292 1092 2322 minister
1136 2291 1214 2327 VII,
1233 2302 1283 2331 74,

293 2335 442 2373 Cynthia
458 2334 593 2365 facundi
610 2344 746 2365 carmen
764 2334 918 2365 iuvenale
936 2335 1091 2374 Properti
1137 2334 1230 2373 XIV,
1251 2336 1320 2375 189.

295 2417 346 2447 Da
361 2416 494 2446 veniam
512 2415 649 2448 subitis:
675 2426 743 2446 non
762 2415 973 2456 displicuisse
991 2421 1140 2447 meretur
1183 2416 1243 2457 Ep.
1260 2425 1311 2455 31.
