1684 2763
741 129 1207 168 EPIGRAMMATON
1241 130 1343 166 LIB.
1376 129 1482 166 XIII

562 242 708 278 LXIV.
739 241 856 277 Idem.

155 322 387 361 Succumbit
417 321 533 360 sterili
564 323 702 359 frustra
733 321 876 371 gallina
907 320 1057 359 marito.

208 389 314 426 hunc
345 386 475 425 matris
506 387 674 436 Cybeles
704 400 789 424 esse
818 386 985 425 decebat
1015 398 1138 423 avem.

551 497 674 534 LXV.
705 496 892 534 Perdices.

156 578 319 617 Ponitur
349 578 536 617 Ausoniis
565 577 645 616 avis
676 579 773 616 hacc
804 576 997 615 rarissima
1028 576 1196 615 mensis:

209 645 311 682 hanc
341 643 378 681 in
410 643 560 694 piscina
591 643 725 681 ludere
755 656 872 692 saepe
902 643 1014 680 soles.

495 755 640 791 LXVI.
677 753 933 791 Columbimze.

157 837 218 874 Ne
248 835 369 873 violes
399 842 551 873 teneras
582 834 736 885 periuro
765 835 885 872 dente
914 835 1130 881 columbas,

211 900 352 939 tradita
381 899 412 938 si
443 899 612 939 Gnidiae
642 908 732 938 sunt
762 899 833 937 tibi
863 912 971 937 sacra
1000 901 1108 937 deae.

498 1010 667 1047 LXVII.
698 1009 891 1046 Palumbi.

158 1092 328 1142 Inguina
356 1091 525 1142 torquati
554 1092 709 1129 tardant
735 1091 1003 1140 hebetantque
1036 1089 1238 1139 palumbi:

213 1171 293 1196 non
323 1158 414 1196 edat
443 1158 545 1195 hanc
574 1158 773 1194 volucrem
804 1155 871 1205 qui
900 1155 1009 1205 cupit
1042 1168 1127 1193 esse
1157 1156 1270 1193 salax.

518 1267 712 1304 LXVIII.
749 1266 919 1304 Galbuli.

160 1349 331 1388 Galbina
359 1348 553 1399 decipitur
581 1348 741 1387 calamis
771 1356 809 1386 et
838 1347 985 1386 retibus
1014 1349 1106 1394 ales,

214 1422 341 1465 turget
369 1415 501 1453 adhuc
533 1413 645 1451 viridi
675 1427 765 1451 cum
796 1413 902 1452 rudis
933 1426 1008 1451 uva
1038 1426 1156 1451 mero.

529 1525 675 1561 LXIX.
711 1524 857 1562 Cattae.

162 1611 410 1650 Pannonicas
440 1610 555 1649 nobis
585 1624 803 1659 numquam
833 1609 943 1648 dedit
973 1609 1137 1648 Vmbria
1166 1617 1311 1648 cattas:

215 1678 362 1715 mavult
392 1677 490 1714 haec
519 1675 684 1714 domino
714 1675 867 1713 mittere
897 1676 1003 1713 dona
1032 1676 1204 1713 Pudens.

209 1781 320 1812 LXIV
351 1780 424 1811 lzab.
451 1779 485 1809 R
547 1789 633 1810 mem
664 1779 794 1809 AACA:
830 1789 986 1810 CAPONES
1011 1779 1066 1809 ΒΑ
1173 1789 1186 1809 1
1213 1779 1320 1810 sterili
1352 1778 1469 1810 AABA
1488 1792 1494 1810 :

162 1825 288 1857 sterilis
305 1825 352 1856 CA
442 1834 461 1853 2
486 1824 575 1854 hunc
591 1823 651 1854 ΛΑ
668 1834 675 1853 :
699 1823 787 1853 hanc
803 1822 909 1853 BACA

207 1868 300 1900 LXV
316 1868 390 1899 hab.
411 1867 444 1897 R
473 1890 479 1894 -
560 1877 573 1897 1
601 1866 673 1898 auis
691 1867 773 1897 haec
791 1867 851 1896 ΑΛ
867 1878 873 1897 ;
906 1867 1027 1906 perdix
1044 1866 1100 1896 BA
1118 1866 1228 1907 (gloss,
1242 1867 1268 1906 2)
1285 1878 1292 1897 :
1328 1871 1385 1896 aut
1405 1866 1493 1907 (aur)

163 1913 244 1944 haec
265 1912 312 1942 CA
331 1917 411 1952 (pro
427 1910 497 1941 avis
513 1911 615 1950 haec)
677 1910 850 1940 carissima
869 1910 969 1946 (kar.l
989 1909 1067 1940 AA:
1094 1909 1263 1940 rarissima
1279 1909 1388 1940 BACA
1475 1921 1494 1940 2

163 1957 195 1986 in
214 1956 343 1995 piscina
367 1955 485 1985 ludere
508 1954 568 1983 ΑΛ
586 1965 593 1984 ε
617 1954 651 1984 in
669 1954 834 1984 lautorum
852 1954 928 1993 (inl.
945 1955 970 1992 2)
989 1954 1136 1984 condere
1161 1954 1239 1984 BA:
1268 1954 1300 1984 in
1326 1954 1493 1984 lautorum

166 2001 238 2041 (inl.
251 2001 276 2031 ἴ)
292 2000 430 2029 madere
444 1998 633 2035 (mandere)
647 1997 694 2028 CA
711 2010 717 2028 ε
741 1998 774 2028 ui
792 1998 870 2028 laut.
882 2008 1011 2036 ponere
1026 1998 1056 2037 Q
1123 2008 1205 2036 sepe
1222 1997 1271 2028 vel
1285 2008 1389 2036 saepe
1403 1996 1491 2028 codd.

210 2043 317 2074 LXVI
335 2042 408 2073 lzab.
427 2041 460 2071 R
513 2051 738 2072 COLVMBmAE
765 2041 825 2070 ΑΑ
851 2045 926 2079 (-NE
950 2041 1020 2081 R):
1057 2050 1251 2072 cOLVMfflNl
1278 2040 1386 2072 BACA
1478 2050 1491 2070 1

165 2088 236 2118 Nec
257 2087 305 2118 CA
393 2085 531 2125 periuro
549 2085 684 2115 ΑᾸΒΑε
709 2086 857 2125 perduro
871 2085 918 2116 CA
1051 2096 1070 2115 2
1095 2085 1123 2116 si
1139 2085 1278 2124 gnidiae
1288 2084 1420 2116 AACA;
1445 2084 1493 2114 sic

165 2131 290 2162 nitidae
306 2129 360 2159 B*-
423 2129 466 2159 ibi
486 2128 534 2159 CA
549 2130 666 2169 (praec.
684 2130 710 2166 t)

210 2173 337 2205 LXVII
366 2173 438 2203 hal).
459 2171 493 2202 R
562 2182 748 2203 PALVMBVS
778 2172 848 2211 ΑΛ,
864 2172 946 2211 fort.
967 2175 1062 2204 recte:
1100 2181 1256 2202 PALVMssl
1281 2171 1336 2201 ΒΑ
1360 2172 1434 2211 (-Bo
1460 2174 1496 2199 ut

163 2218 226 2249 vid.
251 2218 296 2255 L)
324 2216 371 2247 CA
478 2226 492 2246 1
518 2217 656 2247 turdant
682 2217 843 2247 habetant
867 2215 1046 2255 palumbus
1069 2226 1148 2247 corr.
1170 2215 1392 2254 habitantque
1411 2224 1492 2253 pau-

163 2261 265 2292 lumbi
287 2260 320 2290 R
452 2270 471 2289 2
496 2260 598 2298 palux
615 2260 674 2289 ΑΑ

210 2303 357 2335 LXVIII
374 2303 449 2334 hab.
472 2303 501 2332 T
541 2313 645 2334 GALBI
666 2303 720 2333 ΒΑ
811 2313 824 2332 1
852 2303 996 2333 Galbina
1012 2302 1147 2333 AABA:
1173 2302 1318 2333 Galbula
1337 2301 1385 2332 CA
1474 2311 1493 2330 2

164 2349 256 2380 rubis
268 2347 321 2378 ΒΑ
388 2357 453 2377 oua
467 2346 516 2377 CA
648 2347 763 2377 LXIX
779 2346 852 2377 hab.
870 2347 903 2377 R
974 2356 987 2376 1
1007 2356 1163 2385 umquam
1174 2346 1228 2376 BA
1317 2356 1336 2375 2
1354 2344 1491 2375 domino

165 2392 298 2423 AACA:
322 2391 479 2422 dominae
499 2390 587 2430 (me)
606 2390 763 2429 BA‚f0›·t.
784 2394 858 2420 recte
924 2389 972 2420 vel
986 2391 1117 2430 pudens
