<?xml version="1.0" encoding="UTF-8"?>
<!DOCTYPE html PUBLIC "-//W3C//DTD XHTML 1.0 Transitional//EN"
    "http://www.w3.org/TR/xhtml1/DTD/xhtml1-transitional.dtd">
<html xmlns="http://www.w3.org/1999/xhtml" xml:lang="en" lang="en">
 <head>
  <title>
</title>
<meta http-equiv="Content-Type" content="text/html;charset=utf-8" />
  <meta name='ocr-system' content='tesseract 3.04.00' />
  <meta name='ocr-capabilities' content='ocr_page ocr_carea ocr_par ocr_line ocrx_word'/>
</head>
<body>
  <div class='ocr_page' id='page_1' title='image "./epigrammatarecog00martuoft/epigrammatarecog00martuoft_0223.png"; bbox 0 0 1684 2763; ppageno 0'>
   <div class='ocr_carea' id='block_1_1' title="bbox 789 149 1499 187">
    <p class='ocr_par' dir='ltr' id='par_1_1' title="bbox 789 149 1499 187">
     <span class='ocr_line' id='line_1_1' title="bbox 789 149 1499 187; baseline 0.004 -4"><span class='ocrx_word' id='word_1_1' title='bbox 789 149 994 184; x_wconf 69' lang='lat' dir='ltr'>EPIGRA</span> <span class='ocrx_word' id='word_1_2' title='bbox 1006 149 1044 184; x_wconf 82' lang='lat' dir='ltr'><strong>M</strong></span> <span class='ocrx_word' id='word_1_3' title='bbox 1055 150 1093 185; x_wconf 76' lang='lat' dir='ltr'>M</span> <span class='ocrx_word' id='word_1_4' title='bbox 1103 150 1254 186; x_wconf 78' lang='lat' dir='ltr'>ATON</span> <span class='ocrx_word' id='word_1_5' title='bbox 1289 151 1391 186; x_wconf 63' lang='grc'>1,]13.</span> <span class='ocrx_word' id='word_1_6' title='bbox 1425 151 1499 187; x_wconf 64' lang='lat' dir='ltr'>X&#39;II</span> 
     </span>
    </p>
   </div>
   <div class='ocr_carea' id='block_1_2' title="bbox 177 257 1238 372">
    <p class='ocr_par' dir='ltr' id='par_1_2' title="bbox 177 257 1238 372">
     <span class='ocr_line' id='line_1_2' title="bbox 177 257 1238 306; baseline 0.002 -12"><span class='ocrx_word' id='word_1_7' title='bbox 177 257 331 294; x_wconf 80' lang='lat' dir='ltr'>deiecto</span> <span class='ocrx_word' id='word_1_8' title='bbox 361 257 468 306; x_wconf 78' lang='lat' dir='ltr'>quid,</span> <span class='ocrx_word' id='word_1_9' title='bbox 501 257 643 306; x_wconf 83' lang='lat' dir='ltr'>inepte,</span> <span class='ocrx_word' id='word_1_10' title='bbox 676 258 797 306; x_wconf 84' lang='lat' dir='ltr'>pedes</span> <span class='ocrx_word' id='word_1_11' title='bbox 828 258 1030 306; x_wconf 83' lang='lat' dir='ltr'>perfundis</span> <span class='ocrx_word' id='word_1_12' title='bbox 1059 258 1238 297; x_wconf 81' lang='lat' dir='ltr'>amictu?</span> 
     </span>
     <span class='ocr_line' id='line_1_3' title="bbox 231 322 1198 372; baseline 0.003 -14"><span class='ocrx_word' id='word_1_13' title='bbox 231 322 380 371; x_wconf 72' lang='lat' dir='ltr'>collige,</span> <span class='ocrx_word' id='word_1_14' title='bbox 414 322 553 369; x_wconf 81' lang='lat' dir='ltr'>Cinna,</span> <span class='ocrx_word' id='word_1_15' title='bbox 587 331 743 371; x_wconf 76' lang='lat' dir='ltr'>togam3</span> <span class='ocrx_word' id='word_1_16' title='bbox 781 324 936 360; x_wconf 84' lang='lat' dir='ltr'>calceus</span> <span class='ocrx_word' id='word_1_17' title='bbox 967 336 1059 361; x_wconf 78' lang='lat' dir='ltr'>ecce</span> <span class='ocrx_word' id='word_1_18' title='bbox 1090 323 1198 372; x_wconf 76' lang='lat' dir='ltr'>perit.</span> 
     </span>
    </p>
   </div>
   <div class='ocr_carea' id='block_1_3' title="bbox 175 418 1507 1732">
    <p class='ocr_par' dir='ltr' id='par_1_3' title="bbox 175 418 1507 1732">
     <span class='ocr_line' id='line_1_4' title="bbox 647 418 825 453; baseline 0 0"><span class='ocrx_word' id='word_1_19' title='bbox 647 418 825 453; x_wconf 85' lang='lat' dir='ltr'>XXXIV</span> 
     </span>
     <span class='ocr_line' id='line_1_5' title="bbox 285 486 988 535; baseline 0.003 -13"><span class='ocrx_word' id='word_1_20' title='bbox 285 491 376 534; x_wconf 75' lang='lat' dir='ltr'>Quo</span> <span class='ocrx_word' id='word_1_21' title='bbox 408 486 529 535; x_wconf 80' lang='lat' dir='ltr'>possit</span> <span class='ocrx_word' id='word_1_22' title='bbox 560 486 640 524; x_wconf 86' lang='lat' dir='ltr'>fieri</span> <span class='ocrx_word' id='word_1_23' title='bbox 672 487 803 533; x_wconf 87' lang='lat' dir='ltr'>modo,</span> <span class='ocrx_word' id='word_1_24' title='bbox 837 490 988 532; x_wconf 74' lang='lat' dir='ltr'>Severe,</span> 
     </span>
     <span class='ocr_line' id='line_1_6' title="bbox 285 551 1068 601; baseline 0.003 -13"><span class='ocrx_word' id='word_1_25' title='bbox 285 560 324 588; x_wconf 89' lang='lat' dir='ltr'>ut</span> <span class='ocrx_word' id='word_1_26' title='bbox 355 551 410 588; x_wconf 83' lang='lat' dir='ltr'>vir</span> <span class='ocrx_word' id='word_1_27' title='bbox 440 551 633 601; x_wconf 83' lang='lat' dir='ltr'>pessimus</span> <span class='ocrx_word' id='word_1_28' title='bbox 663 551 842 589; x_wconf 84' lang='lat' dir='ltr'>omniurn</span> <span class='ocrx_word' id='word_1_29' title='bbox 873 552 1068 591; x_wconf 81' lang='lat' dir='ltr'>Charinus</span> 
     </span>
     <span class='ocr_line' id='line_1_7' title="bbox 285 616 1043 666; baseline 0.003 -13"><span class='ocrx_word' id='word_1_30' title='bbox 285 630 401 654; x_wconf 82' lang='lat' dir='ltr'>unam</span> <span class='ocrx_word' id='word_1_31' title='bbox 434 630 513 654; x_wconf 85' lang='lat' dir='ltr'>rem</span> <span class='ocrx_word' id='word_1_32' title='bbox 545 617 646 654; x_wconf 87' lang='lat' dir='ltr'>bene</span> <span class='ocrx_word' id='word_1_33' title='bbox 676 616 820 663; x_wconf 88' lang='lat' dir='ltr'>fecerit,</span> <span class='ocrx_word' id='word_1_34' title='bbox 852 617 1043 666; x_wconf 81' lang='lat' dir='ltr'>requiris?</span> 
     </span>
     <span class='ocr_line' id='line_1_8' title="bbox 285 681 1176 732; baseline 0.002 -14"><span class='ocrx_word' id='word_1_35' title='bbox 285 681 428 728; x_wconf 73' lang='lat' dir='ltr'>dicam,</span> <span class='ocrx_word' id='word_1_36' title='bbox 457 682 526 719; x_wconf 80' lang='lat' dir='ltr'>sed</span> <span class='ocrx_word' id='word_1_37' title='bbox 556 682 645 719; x_wconf 90' lang='lat' dir='ltr'>cito.</span> <span class='ocrx_word' id='word_1_38' title='bbox 706 681 814 730; x_wconf 84' lang='lat' dir='ltr'>Quid</span> <span class='ocrx_word' id='word_1_39' title='bbox 846 683 1006 720; x_wconf 77' lang='lat' dir='ltr'>Nerone</span> <span class='ocrx_word' id='word_1_40' title='bbox 1036 682 1176 732; x_wconf 80' lang='lat' dir='ltr'>peius?</span> 
     </span>
     <span class='ocr_line' id='line_1_9' title="bbox 285 746 1033 795; baseline 0.004 -13"><span class='ocrx_word' id='word_1_41' title='bbox 285 746 378 795; x_wconf 70' lang='lat' dir='ltr'>quid</span> <span class='ocrx_word' id='word_1_42' title='bbox 410 746 570 784; x_wconf 78' lang='lat' dir='ltr'>thermis</span> <span class='ocrx_word' id='word_1_43' title='bbox 600 746 738 784; x_wconf 86' lang='lat' dir='ltr'>melius</span> <span class='ocrx_word' id='word_1_44' title='bbox 769 747 1033 785; x_wconf 74' lang='lat' dir='ltr'>Neronianis?</span> 
     </span>
     <span class='ocr_line' id='line_1_10' title="bbox 286 812 1138 862; baseline 0.004 -15"><span class='ocrx_word' id='word_1_45' title='bbox 286 812 377 848; x_wconf 77' lang='lat' dir='ltr'>Non</span> <span class='ocrx_word' id='word_1_46' title='bbox 408 813 493 850; x_wconf 87' lang='lat' dir='ltr'>dest</span> <span class='ocrx_word' id='word_1_47' title='bbox 524 812 714 861; x_wconf 78' lang='lat' dir='ltr'>protinus,</span> <span class='ocrx_word' id='word_1_48' title='bbox 744 826 850 860; x_wconf 70' lang='lat' dir='ltr'>ecce,</span> <span class='ocrx_word' id='word_1_49' title='bbox 879 813 929 850; x_wconf 89' lang='lat' dir='ltr'>de</span> <span class='ocrx_word' id='word_1_50' title='bbox 960 812 1138 862; x_wconf 81' lang='lat' dir='ltr'>malignis</span> 
     </span>
     <span class='ocr_line' id='line_1_11' title="bbox 284 876 995 927; baseline 0.003 -14"><span class='ocrx_word' id='word_1_51' title='bbox 284 876 347 925; x_wconf 63' lang='lat' dir='ltr'>«lui</span> <span class='ocrx_word' id='word_1_52' title='bbox 380 876 434 914; x_wconf 78' lang='lat' dir='ltr'>sic</span> <span class='ocrx_word' id='word_1_53' title='bbox 464 877 667 915; x_wconf 82' lang='lat' dir='ltr'>rancidulo</span> <span class='ocrx_word' id='word_1_54' title='bbox 697 879 878 927; x_wconf 83' lang='lat' dir='ltr'>loquatur</span> <span class='ocrx_word' id='word_1_55' title='bbox 907 891 995 915; x_wconf 83' lang='lat' dir='ltr'>ore:</span> 
     </span>
     <span class='ocr_line' id='line_1_12' title="bbox 285 941 1065 991; baseline 0.003 -13"><span class='ocrx_word' id='word_1_56' title='bbox 285 943 361 978; x_wconf 79' lang='lat' dir='ltr'>·Vt</span> <span class='ocrx_word' id='word_1_57' title='bbox 390 941 486 990; x_wconf 83' lang='lat' dir='ltr'>quid</span> <span class='ocrx_word' id='word_1_58' title='bbox 517 950 557 979; x_wconf 89' lang='lat' dir='ltr'>tu</span> <span class='ocrx_word' id='word_1_59' title='bbox 588 942 739 979; x_wconf 86' lang='lat' dir='ltr'>domini</span> <span class='ocrx_word' id='word_1_60' title='bbox 769 942 913 991; x_wconf 79' lang='lat' dir='ltr'>deique</span> <span class='ocrx_word' id='word_1_61' title='bbox 944 943 1065 980; x_wconf 80' lang='lat' dir='ltr'>nostri</span> 
     </span>
     <span class='ocr_line' id='line_1_13' title="bbox 285 1005 1041 1054; baseline 0.001 -12"><span class='ocrx_word' id='word_1_62' title='bbox 285 1007 451 1054; x_wconf 79' lang='lat' dir='ltr'>praefers</span> <span class='ocrx_word' id='word_1_63' title='bbox 482 1005 709 1043; x_wconf 84' lang='lat' dir='ltr'>muneribus</span> <span class='ocrx_word' id='word_1_64' title='bbox 741 1005 986 1044; x_wconf 82' lang='lat' dir='ltr'>Neronianas</span> <span class='ocrx_word' id='word_1_65' title='bbox 1003 1008 1041 1043; x_wconf 82' lang='lat'>?’</span> 
     </span>
     <span class='ocr_line' id='line_1_14' title="bbox 284 1070 1507 1120; baseline 0.002 -14"><span class='ocrx_word' id='word_1_66' title='bbox 284 1071 475 1108; x_wconf 80' lang='lat' dir='ltr'>Thermas</span> <span class='ocrx_word' id='word_1_67' title='bbox 506 1072 680 1120; x_wconf 84' lang='lat' dir='ltr'>praefero</span> <span class='ocrx_word' id='word_1_68' title='bbox 712 1071 861 1109; x_wconf 77' lang='lat' dir='ltr'>balneis</span> <span class='ocrx_word' id='word_1_69' title='bbox 892 1070 1058 1109; x_wconf 76' lang='lat' dir='ltr'>cinaedi.</span> <span class='ocrx_word' id='word_1_70' title='bbox 1472 1089 1507 1109; x_wconf 76' lang='grc' dir='ltr'>,ιο</span> 
     </span>
     <span class='ocr_line' id='line_1_15' title="bbox 657 1159 812 1195; baseline -0.006 0"><span class='ocrx_word' id='word_1_71' title='bbox 657 1159 812 1195; x_wconf 88' lang='lat' dir='ltr'>XXXV</span> 
     </span>
     <span class='ocr_line' id='line_1_16' title="bbox 178 1227 1131 1278; baseline 0.001 -13"><span class='ocrx_word' id='word_1_72' title='bbox 178 1228 345 1278; x_wconf 81' lang='lat' dir='ltr'>Inguina</span> <span class='ocrx_word' id='word_1_73' title='bbox 374 1228 597 1266; x_wconf 85' lang='lat' dir='ltr'>succinctus</span> <span class='ocrx_word' id='word_1_74' title='bbox 627 1228 736 1278; x_wconf 83' lang='lat' dir='ltr'>nigra</span> <span class='ocrx_word' id='word_1_75' title='bbox 764 1227 835 1266; x_wconf 84' lang='lat' dir='ltr'>tibi</span> <span class='ocrx_word' id='word_1_76' title='bbox 865 1242 996 1266; x_wconf 84' lang='lat' dir='ltr'>servos</span> <span class='ocrx_word' id='word_1_77' title='bbox 1025 1230 1131 1266; x_wconf 78' lang='lat' dir='ltr'>aluta</span> 
     </span>
     <span class='ocr_line' id='line_1_17' title="bbox 229 1292 1132 1343; baseline 0.001 -13"><span class='ocrx_word' id='word_1_78' title='bbox 229 1300 313 1339; x_wconf 82' lang='lat' dir='ltr'>stat,</span> <span class='ocrx_word' id='word_1_79' title='bbox 346 1293 529 1343; x_wconf 81' lang='lat' dir='ltr'>quotiens</span> <span class='ocrx_word' id='word_1_80' title='bbox 559 1292 695 1331; x_wconf 81' lang='lat' dir='ltr'>calidis</span> <span class='ocrx_word' id='word_1_81' title='bbox 726 1301 809 1331; x_wconf 84' lang='lat' dir='ltr'>tota</span> <span class='ocrx_word' id='word_1_82' title='bbox 839 1293 979 1331; x_wconf 84' lang='lat' dir='ltr'>foveris</span> <span class='ocrx_word' id='word_1_83' title='bbox 1008 1293 1132 1343; x_wconf 85' lang='lat' dir='ltr'>aquis.</span> 
     </span>
     <span class='ocr_line' id='line_1_18' title="bbox 176 1358 1238 1405; baseline 0.001 -10"><span class='ocrx_word' id='word_1_84' title='bbox 176 1359 244 1396; x_wconf 74' lang='lat' dir='ltr'>sed</span> <span class='ocrx_word' id='word_1_85' title='bbox 275 1372 397 1405; x_wconf 83' lang='lat' dir='ltr'>meus,</span> <span class='ocrx_word' id='word_1_86' title='bbox 429 1367 470 1396; x_wconf 82' lang='lat' dir='ltr'>ut</span> <span class='ocrx_word' id='word_1_87' title='bbox 499 1359 550 1396; x_wconf 87' lang='lat' dir='ltr'>de</span> <span class='ocrx_word' id='word_1_88' title='bbox 580 1372 642 1396; x_wconf 84' lang='lat' dir='ltr'>me</span> <span class='ocrx_word' id='word_1_89' title='bbox 672 1366 836 1405; x_wconf 85' lang='lat' dir='ltr'>taceam,</span> <span class='ocrx_word' id='word_1_90' title='bbox 868 1358 1074 1405; x_wconf 84' lang='lat' dir='ltr'>Laecania,</span> <span class='ocrx_word' id='word_1_91' title='bbox 1107 1372 1238 1396; x_wconf 89' lang='lat' dir='ltr'>servos</span> 
     </span>
     <span class='ocr_line' id='line_1_19' title="bbox 230 1423 1129 1472; baseline -0.001 -11"><span class='ocrx_word' id='word_1_92' title='bbox 230 1424 424 1461; x_wconf 88' lang='lat' dir='ltr'>Iudaeum</span> <span class='ocrx_word' id='word_1_93' title='bbox 454 1424 561 1461; x_wconf 88' lang='lat' dir='ltr'>nuda</span> <span class='ocrx_word' id='word_1_94' title='bbox 590 1423 663 1461; x_wconf 80' lang='lat' dir='ltr'>sub</span> <span class='ocrx_word' id='word_1_95' title='bbox 693 1431 783 1461; x_wconf 89' lang='lat' dir='ltr'>cute</span> <span class='ocrx_word' id='word_1_96' title='bbox 811 1424 969 1472; x_wconf 88' lang='lat' dir='ltr'>pondus</span> <span class='ocrx_word' id='word_1_97' title='bbox 999 1424 1129 1469; x_wconf 75' lang='lat' dir='ltr'>habet,</span> 
     </span>
     <span class='ocr_line' id='line_1_20' title="bbox 176 1487 1248 1537; baseline 0.001 -12"><span class='ocrx_word' id='word_1_98' title='bbox 176 1489 244 1526; x_wconf 75' lang='lat' dir='ltr'>sed</span> <span class='ocrx_word' id='word_1_99' title='bbox 276 1488 371 1526; x_wconf 89' lang='lat' dir='ltr'>nudi</span> <span class='ocrx_word' id='word_1_100' title='bbox 402 1496 532 1526; x_wconf 84' lang='lat' dir='ltr'>tecum</span> <span class='ocrx_word' id='word_1_101' title='bbox 564 1487 805 1537; x_wconf 80' lang='lat' dir='ltr'>iuvenesque</span> <span class='ocrx_word' id='word_1_102' title='bbox 835 1501 1029 1537; x_wconf 84' lang='lat' dir='ltr'>senesque</span> <span class='ocrx_word' id='word_1_103' title='bbox 1059 1489 1248 1526; x_wconf 79' lang='lat' dir='ltr'>lavantur.</span> 
     </span>
     <span class='ocr_line' id='line_1_21' title="bbox 229 1552 1048 1591; baseline 0 -1"><span class='ocrx_word' id='word_1_104' title='bbox 229 1567 278 1590; x_wconf 86' lang='lat' dir='ltr'>an</span> <span class='ocrx_word' id='word_1_105' title='bbox 309 1554 392 1591; x_wconf 79' lang='lat' dir='ltr'>sola</span> <span class='ocrx_word' id='word_1_106' title='bbox 421 1561 478 1591; x_wconf 86' lang='lat' dir='ltr'>est</span> <span class='ocrx_word' id='word_1_107' title='bbox 508 1552 607 1590; x_wconf 82' lang='lat' dir='ltr'>servi</span> <span class='ocrx_word' id='word_1_108' title='bbox 639 1554 814 1590; x_wconf 79' lang='lat' dir='ltr'>mentula</span> <span class='ocrx_word' id='word_1_109' title='bbox 843 1566 933 1590; x_wconf 87' lang='lat' dir='ltr'>vera</span> <span class='ocrx_word' id='word_1_110' title='bbox 963 1553 1048 1590; x_wconf 86' lang='lat' dir='ltr'>tui?</span> 
     </span>
     <span class='ocr_line' id='line_1_22' title="bbox 175 1617 1199 1667; baseline 0 -12"><span class='ocrx_word' id='word_1_111' title='bbox 175 1618 318 1667; x_wconf 76' lang='lat' dir='ltr'>ecquid</span> <span class='ocrx_word' id='word_1_112' title='bbox 348 1617 540 1656; x_wconf 82' lang='lat' dir='ltr'>femineos</span> <span class='ocrx_word' id='word_1_113' title='bbox 570 1617 754 1667; x_wconf 85' lang='lat' dir='ltr'>sequeris,</span> <span class='ocrx_word' id='word_1_114' title='bbox 788 1625 976 1663; x_wconf 80' lang='lat' dir='ltr'>matrona,</span> <span class='ocrx_word' id='word_1_115' title='bbox 1010 1631 1199 1665; x_wconf 86' lang='lat' dir='ltr'>recessus,</span> 
     </span>
     <span class='ocr_line' id='line_1_23' title="bbox 229 1682 1093 1732; baseline -0.001 -11"><span class='ocrx_word' id='word_1_116' title='bbox 229 1691 480 1732; x_wconf 80' lang='lat' dir='ltr'>secretusque</span> <span class='ocrx_word' id='word_1_117' title='bbox 510 1691 585 1729; x_wconf 87' lang='lat' dir='ltr'>tua,</span> <span class='ocrx_word' id='word_1_118' title='bbox 619 1696 760 1729; x_wconf 85' lang='lat' dir='ltr'>cunne,</span> <span class='ocrx_word' id='word_1_119' title='bbox 792 1682 929 1720; x_wconf 85' lang='lat' dir='ltr'>lavaris</span> <span class='ocrx_word' id='word_1_120' title='bbox 959 1684 1093 1732; x_wconf 82' lang='lat' dir='ltr'>aqua?</span> 
     </span>
    </p>
   </div>
   <div class='ocr_carea' id='block_1_4' title="bbox 176 1771 1332 1954">
    <p class='ocr_par' dir='ltr' id='par_1_4' title="bbox 176 1771 1332 1954">
     <span class='ocr_line' id='line_1_24' title="bbox 697 1771 874 1807; baseline 0 0"><span class='ocrx_word' id='word_1_121' title='bbox 697 1771 874 1807; x_wconf 85' lang='lat' dir='ltr'>XXXVI</span> 
     </span>
     <span class='ocr_line' id='line_1_25' title="bbox 176 1839 1332 1890; baseline -0.001 -12"><span class='ocrx_word' id='word_1_122' title='bbox 176 1842 278 1879; x_wconf 78' lang='lat' dir='ltr'>Cum</span> <span class='ocrx_word' id='word_1_123' title='bbox 309 1840 460 1890; x_wconf 89' lang='lat' dir='ltr'>pluvias</span> <span class='ocrx_word' id='word_1_124' title='bbox 491 1839 776 1890; x_wconf 77' lang='lat' dir='ltr'>madidumque</span> <span class='ocrx_word' id='word_1_125' title='bbox 808 1841 945 1878; x_wconf 85' lang='lat' dir='ltr'>Iovem</span> <span class='ocrx_word' id='word_1_126' title='bbox 976 1841 1144 1889; x_wconf 84' lang='lat' dir='ltr'>perferre</span> <span class='ocrx_word' id='word_1_127' title='bbox 1174 1847 1332 1889; x_wconf 82' lang='lat' dir='ltr'>negaret</span> 
     </span>
     <span class='ocr_line' id='line_1_26' title="bbox 229 1905 1057 1954; baseline 0 -11"><span class='ocrx_word' id='word_1_128' title='bbox 229 1914 266 1943; x_wconf 90' lang='lat' dir='ltr'>et</span> <span class='ocrx_word' id='word_1_129' title='bbox 295 1905 402 1943; x_wconf 89' lang='lat' dir='ltr'>rudis</span> <span class='ocrx_word' id='word_1_130' title='bbox 431 1905 605 1943; x_wconf 85' lang='lat' dir='ltr'>hibernis</span> <span class='ocrx_word' id='word_1_131' title='bbox 634 1905 724 1943; x_wconf 88' lang='lat' dir='ltr'>villa</span> <span class='ocrx_word' id='word_1_132' title='bbox 754 1913 904 1943; x_wconf 88' lang='lat' dir='ltr'>nataret</span> <span class='ocrx_word' id='word_1_133' title='bbox 933 1905 1057 1954; x_wconf 83' lang='lat' dir='ltr'>aquis,</span> 
     </span>
    </p>
   </div>
   <div class='ocr_carea' id='block_1_5' title="bbox 175 1970 1261 2085">
    <p class='ocr_par' dir='ltr' id='par_1_5' title="bbox 175 1970 1261 2085">
     <span class='ocr_line' id='line_1_27' title="bbox 175 1970 1261 2020; baseline 0 -13"><span class='ocrx_word' id='word_1_134' title='bbox 175 1970 350 2018; x_wconf 75' lang='lat' dir='ltr'>plurima,</span> <span class='ocrx_word' id='word_1_135' title='bbox 384 1984 484 2020; x_wconf 86' lang='lat' dir='ltr'>quae</span> <span class='ocrx_word' id='word_1_136' title='bbox 516 1978 647 2020; x_wconf 87' lang='lat' dir='ltr'>posset</span> <span class='ocrx_word' id='word_1_137' title='bbox 678 1970 830 2008; x_wconf 87' lang='lat' dir='ltr'>subitos</span> <span class='ocrx_word' id='word_1_138' title='bbox 859 1971 1062 2008; x_wconf 88' lang='lat' dir='ltr'>effundere</span> <span class='ocrx_word' id='word_1_139' title='bbox 1092 1970 1261 2016; x_wconf 86' lang='lat' dir='ltr'>nimbos,</span> 
     </span>
     <span class='ocr_line' id='line_1_28' title="bbox 229 2035 1012 2085; baseline 0.001 -13"><span class='ocrx_word' id='word_1_140' title='bbox 229 2035 456 2073; x_wconf 83' lang='lat' dir='ltr'>muneribus</span> <span class='ocrx_word' id='word_1_141' title='bbox 486 2035 591 2073; x_wconf 89' lang='lat' dir='ltr'>venit</span> <span class='ocrx_word' id='word_1_142' title='bbox 620 2037 750 2085; x_wconf 86' lang='lat' dir='ltr'>tegula</span> <span class='ocrx_word' id='word_1_143' title='bbox 779 2035 897 2073; x_wconf 83' lang='lat' dir='ltr'>missa</span> <span class='ocrx_word' id='word_1_144' title='bbox 926 2035 1012 2073; x_wconf 91' lang='lat' dir='ltr'>tuis.</span> 
     </span>
    </p>
   </div>
   <div class='ocr_carea' id='block_1_6' title="bbox 173 2138 1509 2439">
    <p class='ocr_par' dir='ltr' id='par_1_6' title="bbox 219 2138 1327 2179">
     <span class='ocr_line' id='line_1_29' title="bbox 219 2138 1327 2179; baseline 0 -11"><span class='ocrx_word' id='word_1_145' title='bbox 219 2139 373 2168; x_wconf 84' lang='lat' dir='ltr'>XXXIII</span> <span class='ocrx_word' id='word_1_146' title='bbox 398 2149 418 2177; x_wconf 87' lang='lat'><strong>3</strong></span> <span class='ocrx_word' id='word_1_147' title='bbox 443 2139 574 2169; x_wconf 86' lang='lat' dir='ltr'>deiecto</span> <span class='ocrx_word' id='word_1_148' title='bbox 591 2139 667 2168; x_wconf 62' lang='lat' dir='ltr'>AA:</span> <span class='ocrx_word' id='word_1_149' title='bbox 698 2138 854 2178; x_wconf 85' lang='lat' dir='ltr'>neglecto</span> <span class='ocrx_word' id='word_1_150' title='bbox 871 2139 924 2168; x_wconf 77' lang='grc' dir='ltr'>ΒΑ</span> <span class='ocrx_word' id='word_1_151' title='bbox 941 2151 948 2170; x_wconf 79' lang='lat' dir='ltr'><em>z</em></span> <span class='ocrx_word' id='word_1_152' title='bbox 967 2138 1100 2169; x_wconf 84' lang='lat' dir='ltr'>delecto</span> <span class='ocrx_word' id='word_1_153' title='bbox 1120 2138 1168 2169; x_wconf 75' lang='lat' dir='ltr'>CA</span> <span class='ocrx_word' id='word_1_154' title='bbox 1189 2139 1212 2179; x_wconf 76' lang='lat' dir='ltr'>(l</span> <span class='ocrx_word' id='word_1_155' title='bbox 1224 2143 1285 2178; x_wconf 83' lang='lat' dir='ltr'>pro</span> <span class='ocrx_word' id='word_1_156' title='bbox 1299 2139 1327 2178; x_wconf 79' lang='lat' dir='ltr'>j)</span> 
     </span>
    </p>

    <p class='ocr_par' dir='ltr' id='par_1_7' title="bbox 173 2182 1507 2309">
     <span class='ocr_line' id='line_1_30' title="bbox 220 2182 1507 2223; baseline 0.001 -11"><span class='ocrx_word' id='word_1_157' title='bbox 220 2183 370 2212; x_wconf 84' lang='lat' dir='ltr'>XXXIV</span> <span class='ocrx_word' id='word_1_158' title='bbox 394 2183 415 2211; x_wconf 90' lang='lat'>6</span> <span class='ocrx_word' id='word_1_159' title='bbox 439 2182 499 2223; x_wconf 88' lang='lat' dir='ltr'>de]</span> <span class='ocrx_word' id='word_1_160' title='bbox 518 2183 559 2212; x_wconf 89' lang='lat' dir='ltr'>da</span> <span class='ocrx_word' id='word_1_161' title='bbox 575 2182 628 2212; x_wconf 71' lang='grc' dir='ltr'>ΒΑ</span> <span class='ocrx_word' id='word_1_162' title='bbox 778 2192 794 2220; x_wconf 90' lang='grc'><strong>7</strong></span> <span class='ocrx_word' id='word_1_163' title='bbox 819 2183 1020 2220; x_wconf 85' lang='lat' dir='ltr'>grandidulo</span> <span class='ocrx_word' id='word_1_164' title='bbox 1037 2182 1091 2211; x_wconf 77' lang='lat' dir='ltr'>BA</span> <span class='ocrx_word' id='word_1_165' title='bbox 1111 2184 1229 2222; x_wconf 75' lang='lat' dir='ltr'>(praec.</span> <span class='ocrx_word' id='word_1_166' title='bbox 1250 2182 1282 2219; x_wconf 72' lang='lat' dir='ltr'>c)</span> <span class='ocrx_word' id='word_1_167' title='bbox 1438 2184 1467 2214; x_wconf 83' lang='lat'>8.</span> <span class='ocrx_word' id='word_1_168' title='bbox 1487 2194 1507 2220; x_wconf 82' lang='lat'><strong>9</strong></span> 
     </span>
     <span class='ocr_line' id='line_1_31' title="bbox 174 2225 1505 2266; baseline -0.001 -11"><span class='ocrx_word' id='word_1_169' title='bbox 174 2226 262 2263; x_wconf 75' lang='lat' dir='ltr'>Quid</span> <span class='ocrx_word' id='word_1_170' title='bbox 282 2230 314 2255; x_wconf 87' lang='lat' dir='ltr'>te</span> <span class='ocrx_word' id='word_1_171' title='bbox 331 2230 380 2256; x_wconf 88' lang='lat' dir='ltr'>tot</span> <span class='ocrx_word' id='word_1_172' title='bbox 399 2226 449 2256; x_wconf 92' lang='lat' dir='ltr'>d..</span> <span class='ocrx_word' id='word_1_173' title='bbox 463 2250 470 2256; x_wconf 91' lang='lat'><strong>.</strong></span> <span class='ocrx_word' id='word_1_174' title='bbox 484 2250 491 2257; x_wconf 93' lang='lat'>.</span> <span class='ocrx_word' id='word_1_175' title='bbox 508 2225 704 2256; x_wconf 88' lang='lat' dir='ltr'>neronianis</span> <span class='ocrx_word' id='word_1_176' title='bbox 721 2226 775 2255; x_wconf 73' lang='grc' dir='ltr'>ΒΑ</span> <span class='ocrx_word' id='word_1_177' title='bbox 791 2237 799 2256; x_wconf 86' lang='lat'>:</span> <span class='ocrx_word' id='word_1_178' title='bbox 824 2226 868 2256; x_wconf 91' lang='lat' dir='ltr'>Vt</span> <span class='ocrx_word' id='word_1_179' title='bbox 885 2230 964 2266; x_wconf 58' lang='lat' dir='ltr'>(om.</span> <span class='ocrx_word' id='word_1_180' title='bbox 983 2226 1045 2255; x_wconf 86' lang='lat' dir='ltr'>EA</span> <span class='ocrx_word' id='word_1_181' title='bbox 1054 2226 1096 2266; x_wconf 85' lang='lat' dir='ltr'>G&gt;</span> <span class='ocrx_word' id='word_1_182' title='bbox 1110 2225 1189 2265; x_wconf 88' lang='lat' dir='ltr'>quid</span> <span class='ocrx_word' id='word_1_183' title='bbox 1208 2232 1242 2256; x_wconf 88' lang='lat' dir='ltr'>tu</span> <span class='ocrx_word' id='word_1_184' title='bbox 1261 2226 1290 2255; x_wconf 90' lang='lat' dir='ltr'>d.</span> <span class='ocrx_word' id='word_1_185' title='bbox 1307 2248 1315 2256; x_wconf 87' lang='lat'><strong>.</strong></span> <span class='ocrx_word' id='word_1_186' title='bbox 1329 2249 1336 2256; x_wconf 94' lang='lat'><strong><em>.</em></strong></span> <span class='ocrx_word' id='word_1_187' title='bbox 1351 2249 1358 2256; x_wconf 90' lang='lat'>.</span> <span class='ocrx_word' id='word_1_188' title='bbox 1374 2226 1505 2256; x_wconf 80' lang='lat' dir='ltr'>neroni-</span> 
     </span>
     <span class='ocr_line' id='line_1_32' title="bbox 173 2268 803 2309; baseline 0.002 -11"><span class='ocrx_word' id='word_1_189' title='bbox 173 2278 255 2298; x_wconf 79' lang='lat' dir='ltr'>anas</span> <span class='ocrx_word' id='word_1_190' title='bbox 269 2268 317 2298; x_wconf 66' lang='lat' dir='ltr'>CA</span> <span class='ocrx_word' id='word_1_191' title='bbox 404 2279 442 2299; x_wconf 93' lang='lat'>10</span> <span class='ocrx_word' id='word_1_192' title='bbox 464 2269 606 2299; x_wconf 87' lang='lat' dir='ltr'>chinede</span> <span class='ocrx_word' id='word_1_193' title='bbox 624 2269 734 2309; x_wconf 79' lang='lat' dir='ltr'>(-dae&gt;</span> <span class='ocrx_word' id='word_1_194' title='bbox 755 2268 803 2299; x_wconf 72' lang='lat' dir='ltr'>CA</span> 
     </span>
    </p>

    <p class='ocr_par' dir='ltr' id='par_1_8' title="bbox 176 2311 1509 2439">
     <span class='ocr_line' id='line_1_33' title="bbox 220 2311 1505 2351; baseline 0 -10"><span class='ocrx_word' id='word_1_195' title='bbox 220 2311 353 2341; x_wconf 86' lang='lat' dir='ltr'>XXXV</span> <span class='ocrx_word' id='word_1_196' title='bbox 378 2322 427 2342; x_wconf 83' lang='lat' dir='ltr'>vv.</span> <span class='ocrx_word' id='word_1_197' title='bbox 442 2313 502 2342; x_wconf 87' lang='lat'>1-6</span> <span class='ocrx_word' id='word_1_198' title='bbox 514 2313 586 2343; x_wconf 79' lang='lat' dir='ltr'>hab.</span> <span class='ocrx_word' id='word_1_199' title='bbox 611 2312 640 2342; x_wconf 92' lang='lat' dir='ltr'><em>T</em></span> <span class='ocrx_word' id='word_1_200' title='bbox 767 2323 787 2351; x_wconf 91' lang='lat'>4</span> <span class='ocrx_word' id='word_1_201' title='bbox 812 2313 902 2343; x_wconf 87' lang='lat' dir='ltr'>nuda</span> <span class='ocrx_word' id='word_1_202' title='bbox 918 2312 997 2342; x_wconf 68' lang='lat' dir='ltr'>AA:</span> <span class='ocrx_word' id='word_1_203' title='bbox 1024 2312 1114 2342; x_wconf 88' lang='lat' dir='ltr'>nulla</span> <span class='ocrx_word' id='word_1_204' title='bbox 1130 2311 1236 2341; x_wconf 75' lang='lat' dir='ltr'>BACA</span> <span class='ocrx_word' id='word_1_205' title='bbox 1370 2316 1505 2342; x_wconf 70' lang='lat' dir='ltr'>succute</span> 
     </span>
     <span class='ocr_line' id='line_1_34' title="bbox 177 2354 1509 2395; baseline 0 -11"><span class='ocrx_word' id='word_1_206' title='bbox 177 2355 225 2384; x_wconf 57' lang='lat' dir='ltr'>(LA</span> <span class='ocrx_word' id='word_1_207' title='bbox 379 2355 479 2385; x_wconf 87' lang='lat' dir='ltr'>habet</span> <span class='ocrx_word' id='word_1_208' title='bbox 506 2366 570 2387; x_wconf 82' lang='lat' dir='ltr'>om.</span> <span class='ocrx_word' id='word_1_209' title='bbox 599 2356 653 2385; x_wconf 75' lang='grc' dir='ltr'>ΒΑ</span> <span class='ocrx_word' id='word_1_210' title='bbox 808 2366 828 2395; x_wconf 86' lang='grc'>5</span> <span class='ocrx_word' id='word_1_211' title='bbox 853 2357 913 2386; x_wconf 85' lang='lat' dir='ltr'>sed</span> <span class='ocrx_word' id='word_1_212' title='bbox 931 2355 1065 2386; x_wconf 64' lang='lat' dir='ltr'>AACA:</span> <span class='ocrx_word' id='word_1_213' title='bbox 1093 2360 1126 2385; x_wconf 84' lang='lat' dir='ltr'>et</span> <span class='ocrx_word' id='word_1_214' title='bbox 1143 2355 1195 2384; x_wconf 68' lang='grc' dir='ltr'>ΒΑ</span> <span class='ocrx_word' id='word_1_215' title='bbox 1313 2354 1461 2385; x_wconf 84' lang='lat' dir='ltr'>lauamur</span> <span class='ocrx_word' id='word_1_216' title='bbox 1477 2354 1509 2383; x_wconf 71' lang='lat' dir='ltr'><strong><em>P</em></strong></span> 
     </span>
     <span class='ocr_line' id='line_1_35' title="bbox 176 2397 1295 2439; baseline 0 -10"><span class='ocrx_word' id='word_1_217' title='bbox 176 2409 192 2437; x_wconf 90' lang='grc'><strong>7</strong></span> <span class='ocrx_word' id='word_1_218' title='bbox 211 2403 242 2429; x_wconf 81' lang='lat' dir='ltr'>et</span> <span class='ocrx_word' id='word_1_219' title='bbox 261 2398 338 2437; x_wconf 83' lang='lat' dir='ltr'>quid</span> <span class='ocrx_word' id='word_1_220' title='bbox 360 2397 413 2428; x_wconf 80' lang='grc' dir='ltr'>ΒΑ</span> <span class='ocrx_word' id='word_1_221' title='bbox 429 2410 436 2428; x_wconf 90' lang='lat'>:</span> <span class='ocrx_word' id='word_1_222' title='bbox 460 2403 493 2428; x_wconf 87' lang='lat' dir='ltr'>et</span> <span class='ocrx_word' id='word_1_223' title='bbox 506 2399 561 2438; x_wconf 89' lang='lat' dir='ltr'>qui</span> <span class='ocrx_word' id='word_1_224' title='bbox 579 2399 626 2429; x_wconf 80' lang='lat' dir='ltr'>CA</span> <span class='ocrx_word' id='word_1_225' title='bbox 655 2400 730 2439; x_wconf 73' lang='lat' dir='ltr'>(pro</span> <span class='ocrx_word' id='word_1_226' title='bbox 747 2400 836 2439; x_wconf 82' lang='lat' dir='ltr'>ecq-)</span> <span class='ocrx_word' id='word_1_227' title='bbox 992 2398 1142 2429; x_wconf 90' lang='lat' dir='ltr'>XXXVI</span> <span class='ocrx_word' id='word_1_228' title='bbox 1168 2397 1240 2429; x_wconf 83' lang='lat' dir='ltr'>lzab.</span> <span class='ocrx_word' id='word_1_229' title='bbox 1267 2398 1295 2429; x_wconf 87' lang='lat' dir='ltr'><em>T</em></span> 
     </span>
    </p>
   </div>
  </div>
 </body>
</html>
