1684 2763
745 155 1214 194 EPIGRAMMATON
1247 157 1349 193 LIB.
1384 157 1442 193 IV

114 271 172 308 fac
203 277 284 307 rata
312 276 403 307 vota
431 267 576 319 patris:
616 267 670 306 sic
701 274 738 306 te
768 275 834 306 tua
863 267 997 317 diligat
1025 268 1141 305 arbor
1425 285 1441 315 5

167 336 336 385 gaudeat
365 342 403 372 et
433 341 537 372 certa
566 333 785 383 virginitate
815 347 933 379 soror,

114 407 306 450 perpetuo
336 399 390 437 sic
421 400 514 436 flore
545 398 678 446 mices,
710 398 764 436 sic
794 398 967 448 denique
997 412 1077 435 non
1108 397 1184 436 sint

168 473 246 503 tam
277 467 416 515 longae
448 464 611 503 Bromio
641 478 759 514 quarn
790 464 871 510 tibi,
907 464 1078 510 Phoebe,
1110 476 1258 502 comae.

599 565 733 602 XLVI

223 646 441 684 Saturnalia
470 645 631 684 divitem
663 647 863 684 Sabellum

224 713 423 750 fecerunt:
463 711 603 749 merito
633 719 757 750 tumet
787 712 977 756 Sabellus,

224 790 297 814 nec
327 789 567 826 quemquam
598 784 708 826 putat
738 790 823 814 esse
852 776 1131 827 praedicatque

224 840 324 879 inter
352 840 571 879 causidicos
601 841 827 879 beatiorem.

226 907 297 943 hos
328 907 448 943 fastus
477 905 711 955 animosque
741 908 807 944 dat
838 906 995 944 Sabello
1430 921 1446 951 5

225 970 332 1008 farris
362 970 562 1008 semodius
592 971 784 1019 fabaeque
814 972 946 1017 fresae,

226 1043 264 1074 et
294 1035 388 1073 turis
417 1035 641 1085 piperisque
670 1044 746 1074 tres
776 1036 951 1081 selibrae,

227 1108 265 1139 et
294 1100 494 1139 Lucanica
522 1108 656 1139 ventre
686 1114 776 1139 cum
808 1100 971 1146 Falisco,

227 1174 265 1204 et
294 1165 391 1216 nigri
422 1167 515 1215 Syra
544 1166 686 1204 defruti
716 1168 867 1216 lagona,

227 1238 266 1269 et
295 1232 391 1269 ficus
423 1231 572 1280 Libyca
600 1233 727 1282 gelata
756 1239 857 1270 testa
1413 1246 1454 1269 10

228 1309 319 1334 cum
349 1296 480 1334 bulbis
510 1296 735 1347 cocleisque
764 1310 971 1347 caseoque.

229 1361 377 1399 Piceno
406 1375 566 1411 quoque
595 1361 701 1400 venit
729 1376 752 1400 a
781 1362 923 1401 cliente

230 1439 369 1476 parcae
399 1426 537 1464 cistula
565 1440 647 1465 non
677 1440 799 1477 capax
829 1427 964 1473 olivae,

229 1499 267 1529 et
296 1504 426 1529 crasso
456 1490 562 1540 figuli
591 1491 713 1541 polita
741 1494 851 1529 caelo

231 1555 450 1606 septenaria
479 1555 673 1604 synthesis
703 1556 877 1606 Sagunti,
1419 1571 1453 1603 15

232 1620 437 1670 Hispanae
467 1622 617 1658 luteum
647 1628 755 1659 rotae
785 1629 973 1667 toreuma,

231 1693 268 1724 et
297 1687 376 1723 lato
406 1685 550 1723 variata
580 1699 723 1736 mappa
752 1688 874 1724 clavo.

231 1749 449 1789 Saturnalia
478 1750 736 1789 fructuosiora

231 1815 344 1854 annis
374 1829 454 1853 non
484 1815 621 1854 habuit
650 1818 790 1855 decem
820 1816 1010 1855 Sabellus.

598 1922 756 1958 XLVII

128 2004 348 2040 Encaustus
379 2003 586 2039 Phaethon
616 2002 749 2040 tabula
778 2002 849 2040 tibi
878 2001 1005 2052 pictus
1035 2001 1074 2039 in
1105 2002 1178 2039 hac
1207 2010 1275 2039 est.

180 2067 275 2116 quid
304 2066 374 2104 tibi
404 2066 471 2113 vis,
503 2066 685 2116 dipyrum
715 2067 782 2117 qui
813 2068 1061 2105 Phaethonta
1091 2066 1217 2104 facis?

170 2170 265 2201 XLV
289 2179 308 2208 5
332 2170 381 2200 fac
400 2175 473 2200 rata
489 2169 628 2200 ΑΑΒΑτ
660 2170 767 2201 serata
786 2171 845 2209 CA,
868 2171 954 2202 unde
977 2171 1028 2202 fer
1052 2175 1124 2201 rata
1143 2181 1173 2202 u.
1194 2171 1281 2210 patri
1299 2169 1456 2200 Heinsius

128 2212 244 2252 arbor]
261 2223 347 2243 uxor
366 2213 412 2243 (Ἃ
546 2224 562 2252 7
589 2213 614 2244 si
633 2214 665 2244 ss.
688 2214 717 2243 T

171 2257 280 2287 XLVI
306 2267 324 2296 5
347 2257 478 2287 faustus
500 2257 699 2296 animusque
723 2257 769 2288 CA
910 2269 931 2297 9
954 2257 1066 2288 defriti
1085 2258 1178 2297 (-yti)
1200 2256 1248 2287 CA
1336 2257 1455 2286 lacuna

129 2300 181 2330 ΒΑ
336 2310 348 2330 1
360 2311 372 2331 1
400 2300 499 2331 bullis
530 2301 576 2330 CA
594 2302 678 2341 (non
693 2301 742 2331 Ax
833 2301 1026 2341 cocleisque
1043 2302 1116 2333 Ital.
1134 2312 1140 2331 ε
1166 2300 1332 2339 calcisque
1350 2299 1406 2329 BA
1422 2304 1455 2333 (a

124 2349 184 2383 pro
203 2343 255 2377 oc]
274 2355 281 2372 z
305 2344 519 2382 cholceisque
538 2344 585 2374 CA
676 2354 713 2383 14
738 2345 848 2385 caelo]
868 2356 952 2376 ceno
970 2346 1023 2375 ΒΑ
1128 2345 1166 2375 18
1190 2344 1389 2375 fructusiora
1408 2342 1455 2371 CA

174 2386 302 2416 XLVII
332 2397 344 2416 1
374 2388 422 2417 En
442 2393 554 2418 castus
570 2388 624 2418 BA
758 2399 777 2418 2
799 2389 944 2428 dipyron
962 2388 1038 2419 Ital.

176 2439 282 2460 MART.
302 2439 355 2460 ΕΡ.
1351 2430 1370 2459 8
