1684 2763
203 147 260 184 M.
291 146 413 183 VAL.
445 146 759 184 MARTIALIS

202 255 324 305 pedis,
356 255 587 295 dissimulo:
619 269 776 306 gemma
803 256 860 295 vis
890 258 1036 305 ludere,
1067 257 1225 296 vincor:

255 333 314 359 res
344 334 422 359 una
451 328 509 359 est
538 321 622 359 sine
651 335 714 359 me
744 335 863 371 quam
893 321 1000 369 facis,
1032 330 1070 361 et
1099 330 1223 361 taceo.

202 385 255 423 nil
285 393 417 424 tamen
447 386 611 424 omnino
639 394 812 436 praestas
842 386 948 425 mihi.
1010 389 1245 435 ‘Mortuus‚'
1276 387 1417 438 inquis,
1517 403 1533 434 5

259 449 470 500 ‘accipiam
500 451 602 489 bene
631 452 693 489 te.⁷
750 450 816 488 Nil
845 453 962 489 volo:
1002 453 1071 490 sed
1101 465 1261 490 morere.

713 516 809 552 XLI

312 581 405 618 Non
435 586 503 626 est,
534 581 680 626 Tucca,
711 579 803 617 satis
833 581 943 628 quod
972 594 1013 619 es
1041 582 1224 630 gulosus:

311 652 349 683 et
378 644 456 683 dici
485 644 596 694 cupis
626 651 663 682 et
693 644 803 694 cupis
832 644 964 683 videri.

702 710 822 747 XLII

206 774 397 812 Barbatus
427 772 551 823 rigido
581 773 713 823 nupsit
744 773 988 812 Callistratus
1018 776 1115 813 Afro

258 840 330 876 hac
361 852 438 888 qua
466 840 551 888 lege
580 838 662 877 viro
691 839 840 877 nubere
869 839 976 889 virgo
1006 841 1115 878 solet.

204 905 428 953 praeluxere
458 905 574 950 faces,
606 905 784 942 velarunt
813 906 997 942 flammea
1026 906 1168 951 vultus,

260 982 331 1007 nec
362 976 429 1007 tua
457 970 668 1008 defuerunt
698 970 827 1017 verba,
859 971 1033 1017 Talasse‚
1065 970 1145 1008 tibi.

204 1035 276 1073 dos
307 1034 424 1072 etiam
455 1034 560 1072 dicta
589 1042 657 1072 est.
717 1036 910 1073 Nondum
940 1035 1022 1083 tibi,
1056 1037 1197 1081 Roma,
1230 1035 1382 1074 videtur
1520 1051 1536 1082 5

258 1101 335 1137 hoc
364 1099 485 1137 satis?
524 1108 705 1149 expectas
736 1100 930 1150 numquid
961 1108 1002 1139 ut
1032 1109 1070 1139 et
1100 1101 1252 1151 pariat?

694 1173 837 1208 XLIII

317 1236 524 1274 Facundos
556 1235 652 1272 mihi
682 1237 732 1274 de
762 1235 983 1274 libidinosis

314 1300 439 1349 legisti
468 1300 646 1346 nimium,
679 1301 844 1347 Sabelle,
876 1314 1021 1347 versus,

314 1366 448 1414 quales
479 1378 552 1403 nec
582 1364 744 1414 Didymi
774 1364 902 1402 sciunt
931 1367 1085 1414 puellae

315 1443 387 1467 nec
418 1431 554 1467 molles
586 1430 872 1479 Elephantidos
902 1430 1036 1468 libelli.

315 1504 405 1533 sunt
435 1495 512 1533 illic
542 1495 706 1533 Veneris
737 1508 861 1534 novae
891 1497 1052 1545 figurae,
1524 1511 1540 1541 5

315 1562 450 1610 quales
480 1559 655 1610 perditus
685 1561 829 1598 audeat
859 1561 1018 1607 fututor,

316 1632 512 1675 praestent
542 1634 579 1663 et
610 1632 764 1663 taceant
794 1625 890 1674 quid
920 1625 1074 1671 exoleti,

316 1703 395 1739 quo
426 1691 707 1739 symplegmate
737 1689 913 1739 quinque
943 1691 1189 1740 copulentur,

316 1768 394 1804 qua
423 1756 552 1803 plures
583 1762 789 1792 teneantur
818 1768 840 1792 a
869 1762 1018 1801 catena,

316 1819 526 1857 extinctam
557 1818 670 1856 liceat
701 1819 796 1868 quid
825 1820 876 1857 ad
906 1821 1117 1857 lucernam.
1504 1833 1543 1854 10

317 1884 434 1921 Tanti
466 1897 545 1922 non
576 1891 656 1922 erat
686 1896 771 1921 esse
801 1890 838 1921 te
868 1883 1068 1921 disertum.

694 1955 830 1991 XLIV

210 2019 348 2064 Vnice,
381 2026 550 2067 cognato
580 2018 758 2056 iunctum
790 2018 885 2055 mihi
915 2017 1104 2067 sanguine
1135 2030 1281 2055 nomen

263 2083 329 2133 qui
359 2083 457 2133 geris
488 2091 525 2121 et
556 2082 686 2121 studio
716 2084 836 2121 corda
865 2083 1087 2133 propinqua
1116 2081 1237 2128 meis3

253 2187 317 2217 XL
341 2187 404 2225 3-6
429 2196 497 2216 nov.
518 2186 615 2225 epigr.
636 2186 696 2223 (ΑΙ)
713 2195 864 2217 GEMMAM
881 2186 901 2222 ἲ)
917 2185 949 2214 in
966 2184 1027 2214 ΑΛ
1044 2184 1139 2225 (post
1155 2183 1234 2214 XLI
1253 2184 1286 2213 in
1311 2183 1352 2224 T)
1372 2183 1419 2214 CA
1523 2192 1543 2221 5

210 2231 320 2270 inquis
339 2229 475 2259 AABA:
506 2229 613 2267 inquit
632 2228 680 2259 CA
813 2228 894 2259 XLI
919 2227 993 2258 hab.
1020 2227 1049 2257 T
1198 2227 1294 2257 XLII
1320 2238 1340 2265 4
1363 2226 1543 2256 defuerunt

211 2274 259 2314 (Ρ
271 2277 345 2304 ante
362 2273 520 2313 coran)
538 2273 587 2303 vel
606 2277 678 2302 -ant
699 2271 749 2313 (Ρ
767 2282 806 2302 ex
827 2282 907 2303 corr.
925 2272 969 2311 Q)
988 2271 1044 2301 BA
1069 2272 1148 2306 (om.
1167 2270 1211 2310 L)
1229 2282 1236 2301 ε
1272 2270 1453 2300 defuerunt
1481 2269 1543 2308 (E)

211 2318 260 2349 vel
275 2318 336 2347 -int
356 2316 419 2356 (X)
441 2316 489 2347 CA
620 2316 766 2346 thalasse
782 2315 837 2345 ΒΑ
1019 2314 1135 2345 XLIII
1161 2324 1180 2353 3
1205 2313 1331 2353 didymi
1350 2313 1441 2353 (-di-)
1467 2312 1543 2342 BA:

212 2361 370 2399 didymae
383 2359 432 2391 CA
521 2368 540 2398 5
557 2359 683 2400 nouae]
701 2369 787 2398 quae
804 2359 853 2389 CA
940 2369 961 2398 9
984 2368 1079 2389 aom.
1098 2358 1147 2388 CA
1239 2367 1275 2388 11
1303 2357 1476 2387 desertum
1490 2356 1544 2385 ΒΑ

255 2403 367 2434 XLIV
394 2414 406 2433 1
435 2408 577 2442 cognate
604 2403 652 2434 CA
741 2403 890 2433 iunctum
908 2402 956 2432 vel
972 2402 1121 2432 uinctum
1139 2400 1194 2431 BA
1307 2410 1326 2430 2
1350 2405 1384 2431 et
1407 2409 1472 2430 om.
1495 2398 1543 2430 CA

214 2458 287 2478 meo
312 2446 387 2478 BA:
413 2446 495 2477 meis
522 2446 571 2477 CA
