1684 2763
211 139 265 175 M.
296 137 418 175 VAL.
452 137 763 174 MARTIALIS

686 249 826 285 XXIV

210 319 247 356 Si
278 318 373 368 quid
402 319 500 357 forte
529 325 658 368 petam
689 317 829 356 timido
857 316 1067 367 gracilique
1096 316 1238 361 libello,

263 383 428 433 inproba
457 397 537 421 non
567 383 679 420 fuerit
709 382 739 420 si
770 396 857 420 mea
886 384 1029 429 charta,
1061 383 1164 420 dato.

210 455 247 485 et
277 447 307 485 si
339 461 418 486 non
449 447 615 494 dederis,
648 448 801 493 Caesar,
834 447 1015 497 permitte
1044 446 1190 496 rogari:

263 513 468 550 offendunt
498 525 713 561 numquam
743 519 828 549 tura
857 524 1069 561 precesque
1101 513 1246 549 Iovem.

211 577 276 625 qui
308 576 415 626 fingit
445 590 574 614 sacros
603 590 698 614 auro
727 578 787 614 vel
818 589 1009 613 marmore
1038 577 1178 621 vultus,
1512 589 1527 617 5

266 654 343 678 non
374 641 464 679 facit
494 641 557 678 ille
586 642 709 679 deos:
748 640 814 689 qui
844 648 963 690 rogat,
995 639 1058 677 ille
1089 639 1188 677 facit.

708 752 823 787 XXV

320 820 462 859 Vidisti
493 821 624 867 semel,
658 820 850 870 Oppiane‚
883 827 1033 858 tantum

319 899 475 935 aegrum
508 899 592 924 me:
632 887 733 923 male
762 899 878 935 saepe
907 892 944 923 te
973 884 1126 923 videbo.

692 997 829 1033 XXVI

218 1068 308 1103 Non
340 1074 395 1104 tot
426 1066 462 1103 in
496 1066 588 1103 Eois
619 1066 746 1104 timuit
777 1065 1015 1115 Gangeticus
1044 1065 1143 1103 arvis

270 1138 409 1180 raptor,
441 1131 479 1168 in
512 1133 698 1180 Hyrcano
728 1130 794 1180 qui
824 1130 919 1180 fugit
947 1130 1058 1167 albus
1089 1143 1202 1176 equo,

217 1204 313 1245 quot
343 1204 408 1234 tua
439 1198 569 1234 Roma
597 1209 717 1233 novas
746 1195 854 1242 vidit,
887 1195 1131 1241 Germanice,
1163 1195 1303 1244 tigres:

270 1260 430 1298 delicias
459 1260 586 1310 potuit
615 1274 687 1298 nec
717 1274 919 1298 numerare
948 1273 1047 1298 suas.

218 1325 348 1363 Vincit
380 1327 613 1375 Erythraeos
642 1333 718 1372 tua,
750 1327 903 1371 Caesar,
935 1327 1079 1363 harena
1109 1324 1325 1374 triumphos
1518 1339 1534 1370 5

271 1398 308 1428 et
338 1390 492 1428 victoris
523 1404 617 1440 opes
647 1390 880 1440 divitiasque
909 1389 1001 1428 dei:

219 1468 307 1493 nam
338 1468 427 1492 cum
457 1455 632 1504 captivos
659 1462 788 1504 ageret
817 1455 890 1493 sub
919 1454 1094 1492 curribus
1124 1454 1258 1499 Indos,

272 1527 480 1558 contentus
509 1519 665 1569 gemina
694 1519 831 1569 tigride
862 1520 1041 1557 Bacchus
1070 1525 1160 1556 erat.

692 1631 853 1667 XXVII

222 1703 387 1738 Munera
417 1700 482 1749 qui
514 1699 582 1737 tibi
612 1701 678 1738 dat
708 1698 903 1749 locupleti,
937 1700 1076 1745 Gaure,
1109 1697 1282 1747 senique,

272 1764 303 1802 si
333 1764 434 1814 sapis
465 1772 502 1802 et
531 1764 660 1811 sentis,
694 1765 769 1802 hoc
799 1763 868 1801 tibi
897 1763 949 1801 ait
982 1764 1187 1801 ‘Morere’

680 1874 863 1910 XXVIII

224 1952 306 1995 Dic,
340 1958 438 2000 toga,
472 1949 629 1988 facundi
657 1956 807 1999 gratum
839 1948 932 1985 mihi
962 1961 1104 1986 munus
1132 1947 1257 1992 amici,

275 2029 358 2053 esse
388 2015 481 2053 velis
511 2014 621 2052 cuius
651 2016 753 2051 fama
783 2015 982 2062 decusque
1011 2012 1166 2063 gregis?

223 2082 350 2129 Apula
382 2079 526 2117 Ledaei
558 2078 627 2116 tibi
658 2077 786 2116 floruit
816 2078 937 2116 herba
969 2077 1188 2122 Phalanthi,

274 2158 351 2193 qua
380 2151 523 2182 saturat
553 2142 729 2182 Calabris
758 2144 862 2180 culta
891 2143 1078 2180 Galaesus
1107 2140 1250 2190 aquis?

267 2247 384 2277 XXIV
407 2248 427 2277 6
452 2247 547 2276 illeos
565 2246 612 2276 CA
631 2250 666 2275 nt
681 2245 744 2277 vid.
764 2245 834 2283 (sed
846 2245 900 2274 ille
917 2245 999 2275 deos
1015 2244 1060 2281 X,
1079 2245 1096 2275 i.
1116 2254 1175 2274 eos
1196 2243 1236 2282 G)

265 2291 379 2321 XXVI
408 2301 420 2320 1
449 2290 527 2320 Eois
540 2289 613 2319 It‘rl.
631 2301 637 2319 :
654 2289 702 2319 eis
715 2288 805 2319 codd.
850 2288 953 2319 armis
965 2288 1018 2317 BA
1107 2297 1126 2325 3
1150 2298 1288 2317 romano
1301 2297 1383 2326 quas
1398 2286 1445 2316 CA
1461 2286 1540 2326 (pro

223 2344 359 2365 romano
375 2344 447 2367 uas.
464 2334 480 2363 i.
492 2344 514 2363 e.
534 2343 625 2363 roma
641 2333 760 2367 nouas)
823 2331 862 2362 G.
878 2332 918 2371 t.]
931 2331 1080 2370 germani
1093 2335 1222 2361 crescet
1238 2330 1291 2360 ΒΑ
1372 2331 1393 2359 6
1415 2330 1478 2360 deo
1491 2329 1537 2359 CA

266 2377 397 2407 XXVII
422 2377 494 2407 hab.
514 2377 547 2406 R
634 2386 653 2405 2
678 2375 735 2405 tibi
752 2385 856 2413 gaure
874 2385 966 2405 more
986 2380 1064 2413 tom.
1084 2374 1143 2410 ait)
1164 2373 1195 2403 R
