1684 2763
212 146 267 182 M.
300 144 420 181 VAL.
455 143 767 181 MARTIALIS

211 256 330 293 laudo
359 268 432 292 nec
460 254 641 292 admiror.
702 251 832 290 Facile
862 259 919 290 est
949 250 1228 300 epigrammata
1260 251 1360 288 belle

265 320 443 367 scribere,
475 320 544 358 sed
575 319 716 356 librum
746 317 913 355 scribere
942 315 1099 354 difficile
1129 323 1196 353 est.

658 399 869 436 LXXXVI

320 479 383 516 Ad
414 476 613 515 natalicias
642 477 763 525 dapes
793 475 970 519 vocabar,

318 556 444 580 essem
475 555 564 579 curn
594 540 678 587 tibi,
708 541 832 585 Sexte,
864 552 944 576 non
973 537 1132 575 amicus.

320 607 429 656 Quid
458 608 604 644 facturn
634 613 702 651 est,
734 617 839 653 rogo,
871 602 966 652 quid
996 609 1155 651 repente
1186 603 1328 639 factum
1361 610 1428 647 est,

320 680 406 722 post
437 679 493 709 tot
523 670 684 720 pignora
713 676 856 714 nostra,
887 674 976 716 post
1005 673 1062 704 tot
1090 679 1216 704 annos

320 738 427 786 quod
457 750 543 773 sum
573 733 801 785 praeteritus
830 740 941 770 vetus
970 731 1147 770 sodalis?
1520 745 1538 775 5

321 803 398 840 Sed
428 814 585 839 causan]
616 799 707 838 scio.
777 799 896 836 Nulla
924 796 1030 835 venit
1058 810 1080 834 a
1110 810 1171 835 me

324 865 492 916 Hispani
524 864 593 903 tibi
623 864 720 902 libra
748 862 935 913 pustulati

321 945 393 970 nec
422 930 516 969 levis
545 938 635 980 toga
664 942 737 967 nec
767 929 882 966 rudes
911 929 1099 965 lacernae.

322 996 414 1032 Non
444 1002 502 1032 est
531 994 703 1042 sportula
732 1005 832 1041 quae
862 990 1108 1040 negotiatur3

321 1059 448 1109 pascis
478 1071 649 1104 munera,
681 1059 807 1103 Sexte,
838 1070 916 1094 non
946 1056 1105 1094 amicos.
1265 1097 1272 1104 ·
1503 1070 1541 1091 ιο

325 1127 408 1163 Iani
439 1124 546 1162 dices
576 1123 672 1160 mihi
704 1123 899 1171 ‘Vapulet
928 1121 1110 1158 vocator.'

653 1204 888 1241 LXXXVII

218 1284 254 1321 si
288 1296 397 1322 meus
426 1282 549 1320 aurita
578 1282 722 1331 gaudet
752 1281 975 1329 lagalopece
1007 1279 1181 1324 Flaccus,

271 1349 300 1387 si
332 1348 467 1386 fruitur
495 1346 591 1384 tristi
621 1345 768 1384 Canius
798 1343 1019 1393 Aethiope3

223 1413 381 1451 Publius
411 1412 571 1461 exiguae
601 1410 631 1449 si
662 1412 795 1460 flagrat
824 1422 957 1446 amore
986 1409 1159 1453 catellae,

272 1479 300 1517 si
333 1477 501 1517 Cronius
530 1476 696 1514 similem
727 1473 1029 1524 cercopithecon
1057 1480 1189 1519 amat3

218 1546 386 1582 delectat
418 1542 586 1580 Marium
618 1541 646 1579 si
678 1539 919 1590 perniciosus
949 1538 1201 1583 ichneumon,
1527 1545 1544 1582 5

272 1609 358 1658 pica
390 1606 586 1645 salutatrix
616 1605 645 1643 si
677 1605 758 1652 tibi,
790 1606 930 1650 Lause,
962 1604 1115 1652 placet3

219 1674 247 1712 si
278 1673 450 1723 gelidum
480 1673 583 1710 collo
613 1670 733 1708 nectit
763 1668 955 1707 Glaucilla
983 1669 1208 1713 draconem,

272 1737 438 1776 luscinio
468 1738 663 1774 tumulum
694 1735 725 1772 si
754 1734 938 1773 Telesilla
968 1732 1101 1771 dedit:

220 1805 364 1841 blanda
393 1800 604 1851 Cupidinei
634 1814 702 1838 cur
730 1812 809 1837 non
839 1805 943 1836 amet
973 1810 1039 1835 ora
1069 1797 1249 1845 Labycae

274 1867 339 1917 qui
370 1867 475 1905 videt
505 1867 601 1903 haec
631 1863 801 1903 dominis
832 1869 1005 1901 monstra
1035 1863 1187 1911 placere
1217 1859 1295 1897 suis
1310 1860 1326 1897 ?
1508 1874 1544 1895 10

266 1959 428 1990 LXXXV
444 1969 464 1997 3
481 1958 558 1988 felle
577 1957 627 1987 BA
806 1953 984 1984 LXXXVI
1002 1963 1022 1991 3
1040 1956 1092 1982 est
1109 1951 1163 1982 alt.
1176 1961 1243 1981 om.
1258 1949 1330 1980 Ital.
1401 1950 1422 1978 6
1444 1959 1544 1980 causa

222 2004 268 2033 CA
288 2007 322 2033 ut
338 2002 400 2033 vid.
491 2002 533 2032 ad
552 2010 603 2030 me
622 2000 669 2030 (Ἀ
689 2000 765 2039 (pro
781 2008 900 2034 amme,
916 2002 976 2037 pro
992 1999 1010 2026 a
1027 2006 1079 2025 me
1092 1996 1115 2034 ἓ)
1223 2005 1239 2033 7
1267 1993 1412 2033 Hispani
1427 1993 1545 2022 bilibra

221 2047 273 2076 BA
293 2058 299 2076 :
323 2045 452 2084 argenti
471 2050 492 2077 t.
512 2045 627 2074 libram
647 2043 693 2072 CA
784 2041 942 2081 postulati
962 2039 1008 2069 CA
1029 2039 1096 2079 (tle.
1118 2043 1209 2077 pust·
1221 2038 1246 2075 2)
1390 2037 1410 2066 8
1435 2036 1545 2065 tenuis

220 2090 273 2119 BA
291 2101 297 2120 :
321 2089 405 2118 leuis
423 2088 471 2118 CA
610 2097 630 2125 9
655 2096 742 2125 quae
760 2085 855 2125 neg]
875 2094 985 2123 neque
1003 2083 1193 2121 negotiator
1207 2081 1260 2110 ΒΑ
1402 2089 1436 2108 11
1464 2079 1544 2110 dicis

220 2133 273 2163 BA
290 2145 296 2163 ε
321 2132 412 2162 dices
427 2131 474 2161 CA
563 2130 682 2169 uapule
700 2129 753 2159 BA
843 2132 984 2158 uocatur
999 2125 1086 2156 codd.
1109 2126 1196 2166 (-t01·
1210 2123 1242 2153 E
1254 2133 1292 2153 ex
1304 2123 1402 2161 corr.)

267 2175 463 2206 LXXXVII
492 2185 503 2204 1
533 2174 650 2204 melius
670 2173 717 2202 CA
824 2172 1031 2209 lagagocepe
1047 2169 1120 2199 BA:
1146 2168 1327 2206 lagaopece
1346 2166 1392 2195 CA
1526 2175 1544 2202 4

222 2219 380 2249 chronius
407 2218 455 2249 CA
607 2226 626 2255 5
652 2217 829 2246 icaneumo
852 2214 928 2244 BA:
961 2213 1113 2243 ichemon
1138 2210 1188 2241 CA
1341 2219 1357 2247 7
1383 2207 1545 2239 Glaucilla

222 2263 380 2292 Heinsius
397 2273 403 2292 :
428 2260 549 2299 gadilla
566 2260 619 2290 ΒΑ
636 2272 643 2290 z
669 2259 775 2298 glacia
794 2258 862 2287 CA:
888 2256 1032 2287 Gladilla
1050 2252 1295 2285 Froedlaender:
1320 2250 1486 2282 Claudilla
1505 2250 1545 2291 (2)

225 2306 342 2336 Gilbert
425 2306 444 2334 8
468 2303 610 2335 telesilla
627 2302 679 2332 ΒΑ
699 2314 706 2332 :
731 2301 872 2332 telesina
891 2300 938 2330 CA
1005 2299 1081 2329 facit
1098 2297 1171 2328 BA:
1199 2296 1290 2326 dedit
1308 2295 1355 2326 CA
1430 2305 1451 2333 9
1467 2292 1544 2332 ora]

221 2349 339 2423 ῑέιΑ<Α)
351 2345 559 2423 υδεέὲεῑέᾹΕΧ)
577 2346 625 2378 (ΞΑ
693 2346 843 2385 labyrtae
863 2343 969 2386 <·irte)
987 2342 1041 2373 ΒΑ
1058 2353 1064 2372 :
1088 2341 1227 2380 labycae
1243 2340 1289 2370 CA
1362 2348 1401 2370 10
1418 2337 1542 2369 domini
