1684 2763
746 153 874 191 EPIG
884 155 1211 192 RAMMATON
1248 157 1296 193 111
1309 157 1348 193 Β.
1382 157 1438 193 IX

111 263 309 312 pulchrior
338 271 379 302 ut
409 271 542 301 nostro
574 264 729 303 videare
758 278 904 302 corona
934 265 1092 312 Sabino,

165 330 215 367 dc
246 330 500 367 Nomentano
531 337 568 367 tc
598 337 708 380 putet
739 343 823 368 esse
855 343 954 368 nico.

593 428 595 430 ·
621 418 716 455 LXI

114 488 160 524 In
190 486 423 525 'l'artcsiacis
453 488 595 525 domus
625 495 682 526 cst
712 487 916 526 notissima
945 488 1063 535 terris,

166 566 242 601 qua
272 553 380 590 dives
410 552 609 603 placidum
641 553 830 592 Corduba
862 553 999 592 Baetin
1028 562 1144 601 amat,

112 619 252 656 vellera
282 618 413 656 nativo
444 620 590 669 pallent
618 618 685 656 ubi
716 620 814 657 flava
844 621 1002 657 metallo

166 691 204 721 ct
233 683 317 721 linit
349 683 586 734 Hesperium
617 684 767 722 brattea
795 683 881 721 viva
910 698 1040 734 pecus.

112 748 277 786 aedibus
307 748 345 786 in
376 748 515 787 mediis
546 757 648 787 totos
677 751 857 799 amplexa
886 758 1048 799 penates
1429 767 1446 798 5

167 822 241 851 stat
270 815 450 864 platanus
479 814 611 852 densis
641 814 876 853 Caesariana
905 815 1039 861 001015,

115 879 277 929 hospitis
308 880 441 917 invicti
470 880 600 930 posuit
630 893 748 930 quam
779 881 937 919 dextera
967 881 1066 927 felix,

168 944 298 994 coepit
327 953 365 983 et
394 959 440 983 ex
470 945 533 982 illa
563 958 736 983 crescere
766 945 871 994 virga
901 959 1030 983 manu.

114 1018 315 1048 auctorem
347 1010 634 1059 dominumque
664 1024 803 1048 nemus
834 1011 976 1049 sentire
1006 1011 1184 1049 videtur:

169 1075 223 1113 sic
252 1075 347 1113 viret
376 1082 414 1113 et
443 1074 558 1112 ramis
588 1074 715 1113 sidera
743 1076 847 1113 celsa
877 1076 983 1125 petit.
1413 1092 1450 1113 10

116 1153 231 1190 saepe
262 1140 335 1178 sub
365 1141 439 1178 hac
469 1139 617 1178 madidi
648 1141 824 1178 luserunt
853 1141 992 1179 arbore
1023 1140 1147 1178 Fauni

169 1205 303 1243 terruit
332 1212 370 1243 et
399 1204 557 1243 tacitam
589 1206 717 1243 fistula
746 1218 830 1243 sera
859 1207 1052 1253 (1010001,-

116 1272 291 1320 dumque
321 1270 417 1320 fugit
447 1272 551 1308 solos
582 1278 819 1308 nocturnum
852 1273 959 1309 Pana
988 1284 1056 1320 per
1085 1284 1207 1320 agros,

170 1349 286 1386 saepe
316 1336 389 1374 sub
419 1337 492 1374 hac
522 1335 633 1373 latuit
662 1335 805 1374 rustica
834 1337 973 1374 fronde
1005 1338 1140 1385 Dryas.

115 1409 234 1450 atque
264 1403 395 1439 oluere
426 1402 522 1438 lares
553 1400 807 1439 comissatore
839 1403 969 1450 Lyaeo
1414 1417 1450 1448 15

170 1465 288 1504 crevit
318 1474 356 1504 et
386 1467 509 1504 effuso
539 1465 675 1503 laetior
704 1466 843 1504 umbra
873 1479 1005 1513 meroj

118 1532 388 1581 hesternisque
418 1532 561 1570 rubens
591 1531 744 1569 deiecta
774 1539 831 1569 est
861 1532 982 1570 herba
1011 1531 1166 1570 coronis

169 1605 287 1647 atque
316 1610 405 1635 suas
434 1596 562 1646 potuit
591 1596 721 1634 dicere
750 1610 869 1634 nemo
898 1610 1015 1635 rosas.

118 1664 153 1700 O
184 1663 327 1700 dilecta
356 1661 450 1708 deis,
483 1676 507 1699 o
538 1661 667 1711 magni
698 1661 876 1701 Caesaris
906 1662 1031 1709 arbor,

170 1741 219 1765 ne
250 1735 400 1765 metuas
430 1728 572 1764 ferrum
602 1726 889 1776 sacrilegosque
919 1727 1038 1764 focos.
1412 1742 1453 1764 20

117 1801 326 1842 perpetuos
355 1805 508 1842 sperare
538 1791 628 1830 licet
658 1791 727 1830 tibi
757 1791 905 1830 frondis
935 1793 1128 1829 honores:

171 1872 249 1895 non
282 1857 547 1907 Pompeianae
577 1865 614 1895 te
644 1870 809 1907 posuere
839 1870 989 1895 manus,

615 1944 732 1981 LXII

225 2014 376 2053 Tinctis
407 2014 553 2052 murice
583 2014 756 2052 vestibus
786 2015 895 2064 quod
924 2013 1032 2052 omni

224 2089 261 2118 et
293 2088 408 2118 nocte
437 2079 556 2118 utitur
585 2087 623 2118 et
652 2079 716 2118 die
746 2079 955 2126 Philaenis,

163 2193 181 2221 5
200 2181 250 2222 ut]
269 2194 310 2213 ua
328 2183 355 2213 Τ
420 2183 547 2214 Sabino
561 2193 626 2213 om.
647 2183 675 2213 T
760 2184 781 2212 6
799 2183 903 2222 pudet
920 2182 959 2212 T:
982 2186 1075 2222 putat
1089 2182 1136 2212 CA
1273 2182 1350 2211 LXI
1373 2192 1448 2211 cnm

123 2227 182 2256 Lx
195 2226 286 2265 confl.
309 2226 357 2256 CA
442 2237 454 2256 1
482 2227 682 2266 tarpesiacis
703 2227 750 2257 CA
861 2236 880 2265 5
906 2228 939 2256 in
957 2226 1035 2256 BA:
1060 2230 1092 2255 et
1108 2225 1154 2256 CA
1244 2230 1332 2255 totas
1351 2225 1447 2264 EA),

121 2271 167 2300 vel
179 2275 268 2300 totos
285 2270 333 2299 CA
435 2281 454 2308 9
479 2281 598 2301 nemus
613 2270 690 2300 BA:
714 2280 811 2300 suum
832 2270 880 2300 CA
983 2279 1022 2300 10
1046 2273 1079 2299 et
1090 2279 1154 2299 0111.
1176 2269 1223 2299 CA
1328 2279 1374 2308 11,
1400 2279 1448 2307 12,

124 2323 227 2352 13,14
242 2313 318 2342 BA:
348 2323 400 2351 11,
418 2324 453 2351 ¹4
469 2314 531 2343 r'vcl
549 2324 596 2353 14,
614 2314 678 2353 11),
696 2323 798 2353 13,12
818 2314 888 2344 CA:
916 2323 1035 2353 13,14‚
1056 2312 1296 2352 11,12Jlmzro
1411 2322 1447 2350 13

122 2357 214 2387 solus
233 2358 312 2397 (pro
331 2357 409 2397 405)
427 2357 514 2387 codd.
638 2367 675 2395 14
694 2358 788 2387 latuit
803 2357 857 2386 BA
873 2369 879 2388 z
904 2357 1028 2396 placuit
1047 2356 1095 2386 CA
1219 2365 1255 2394 17
1282 2355 1381 2385 rubes
1401 2355 1449 2385 CA

123 2405 158 2430 nt
171 2401 233 2432 vid.
318 2401 448 2430 delecta
467 2401 512 2430 CA
531 2401 622 2439 (cum
640 2401 704 2440 Lf)
724 2401 749 2441 (l
761 2406 823 2441 pro
835 2401 862 2440 j)
957 2401 995 2430 18
1013 2403 1088 2439 post
1107 2409 1144 2437 19
1160 2399 1205 2429 CA
1221 2403 1257 2428 ut
1274 2398 1333 2428 vid.
1354 2398 1445 2438 (EA,

123 2455 187 2474 non
201 2443 285 2482 XV>
402 2453 440 2482 19
463 2443 516 2474 dei
535 2443 583 2474 CA
694 2454 735 2474 20
759 2454 821 2474 nec
838 2444 893 2474 ΒΑ
1004 2453 1039 2473 21
1061 2447 1225 2482 perpetuo
1246 2442 1292 2472 CA
