1684 2763
220 140 277 176 M.
309 138 431 176 VAL.
464 139 778 177 MARTIALIS

219 251 361 302 dignus
391 264 432 289 es
461 258 503 289 ut
532 251 659 302 possis
688 258 816 290 totum
845 265 997 291 servare
1017 252 1224 291 clientem:
1531 269 1547 300 5

273 316 486 355 ut-—liceat
515 324 668 355 tantum
697 330 787 355 vera
807 317 1153 368 probare—potes.

697 407 853 442 XXXV

328 470 479 509 Omnes
508 469 722 519 Sulpiciam
750 471 881 519 legant
909 471 1063 519 puellae

327 534 395 573 uni
425 548 526 584 quae
556 534 720 583 cupiunt
748 534 831 572 viro
860 536 1014 584 placere
1029 549 1038 582 ς

327 612 466 638 omnes
496 598 708 649 Sulpiciam
738 600 869 648 legant
898 598 1026 636 mariti

327 664 395 702 uni
425 664 491 714 qui
521 664 685 713 cupiunt
714 665 867 714 placere
897 671 1055 713 nuptae.

328 742 407 767 non
438 730 536 767 haec
567 728 783 768 Colchidos
811 728 956 767 adserit
984 730 1165 774 furorem,
1531 745 1546 775 5

327 794 400 833 diri
430 794 594 844 prandia
623 807 696 832 nec
724 795 839 832 refert
867 795 1065 844 Thyestae
1079 809 1090 841 3

328 860 508 908 Scyllam,
542 859 710 908 Byblida
739 872 812 898 nec
842 859 960 898 fuisse
990 859 1136 898 credit:

328 925 397 963 sed
427 932 555 962 castos
585 925 702 962 docet
731 932 770 963 et
799 925 944 975 probos
972 938 1137 970 amoreS‚

328 991 446 1036 lusus,
479 989 640 1027 delicias
669 989 919 1040 facetiasque.

328 1054 439 1093 cuius
469 1053 642 1092 carmina
671 1054 738 1103 qui
768 1055 869 1093 bene
898 1054 1121 1101 aestimarit,
1397 1082 1403 1087 -
1514 1071 1549 1092 10

328 1121 475 1157 nullam
506 1119 643 1158 dixerit
672 1133 757 1158 esse
786 1119 1027 1169 nequiorem,

327 1186 475 1222 nullam
505 1184 644 1222 dixerit
673 1198 758 1223 esse
787 1184 1032 1223 sanctiorem.

327 1251 444 1288 Tales
477 1249 640 1299 Egeriae
669 1249 777 1288 iocos
808 1249 926 1288 fuisse

328 1315 408 1353 udo
438 1314 671 1352 crediderim
703 1316 859 1352 Numae
889 1315 962 1352 sub
991 1322 1114 1352 antro.

329 1381 419 1417 Hac
448 1379 720 1428 condiscipula
748 1381 809 1417 vel
839 1380 912 1417 hac
942 1378 1124 1428 magistra
1512 1394 1546 1424 15

326 1457 431 1482 esses
461 1443 614 1482 doctior
643 1452 681 1482 et
710 1443 865 1494 pudica,
897 1445 1082 1494 Sappho:

326 1511 396 1548 sed
426 1517 556 1547 tecum
586 1508 728 1558 pariter
757 1509 952 1558 simulque
981 1509 1104 1546 visam

326 1576 446 1612 durus
477 1573 690 1624 Sulpiciam
722 1575 859 1612 Phaon
888 1582 1047 1612 amaret.

326 1640 487 1677 frustra:
526 1652 698 1688 namque
727 1652 773 1677 ea
802 1652 875 1677 nec
904 1638 1098 1677 Tonantis
1127 1652 1222 1677 uxor

327 1717 400 1741 nec
431 1704 577 1742 Bacchi
606 1717 680 1742 nec
710 1703 904 1754 Apollinis
934 1705 1064 1754 puella
1509 1720 1548 1741 20

326 1776 460 1818 erepto
491 1768 564 1806 sibi
593 1769 737 1806 viveret
768 1770 929 1807 Caleno.

683 1863 861 1899 XXXVI

220 1927 393 1977 Inproba
424 1925 623 1964 Massiliae
653 1925 847 1976 quidquid
879 1925 1042 1964 fumaria
1070 1934 1226 1976 cogunt,

271 1991 414 2042 accipit
443 1999 611 2030 aetatem
642 1990 819 2041 quisquis
848 1991 899 2029 ab
929 1990 1018 2041 igne
1048 1993 1180 2038 cadus,

263 2095 417 2125 XXXIV
439 2105 458 2133 5
475 2099 582 2125 tutum
600 2094 777 2134 Ital.,f0rt.
798 2098 873 2124 recte
1048 2094 1184 2125 XXXV
1207 2105 1227 2135 5
1251 2094 1313 2125 hac
1333 2094 1380 2125 CA
1527 2097 1548 2125 6

219 2139 343 2169 thistee
363 2138 410 2168 CA
428 2142 465 2168 ut
480 2137 543 2168 vid.
721 2139 741 2168 8
767 2138 905 2168 doceret
933 2137 982 2168 CA
1083 2138 1158 2177 pios
1175 2148 1308 2169 amores
1322 2137 1376 2168 ΒΑ
1393 2149 1399 2168 :
1423 2138 1548 2178 probos

220 2182 346 2212 amicos
370 2181 417 2211 CA
547 2191 587 2211 10
611 2181 803 2211 aestimauit
820 2192 898 2212 corr.
922 2182 978 2212 -rit
996 2185 1033 2212 ut
1048 2181 1110 2212 vid.
1127 2180 1183 2211 BA
1201 2181 1317 2219 (merit
1334 2181 1380 2219 L)
1509 2192 1547 2212 12

216 2229 289 2265 post
307 2235 342 2255 11
364 2225 413 2255 CA
548 2234 586 2262 13
611 2225 770 2263 egregiae
789 2224 838 2255 CA
1008 2235 1045 2262 14
1071 2224 1217 2265 Numae]
1233 2225 1324 2255 nudo
1341 2225 1383 2255 de
1401 2224 1450 2255 CA
1468 2226 1548 2265 (pro

219 2273 265 2299 nfl
282 2270 360 2306 ae3)
506 2277 543 2306 15
570 2268 646 2298 Hae
664 2268 713 2298 CA
858 2269 896 2298 16
920 2277 1016 2299 esses
1031 2267 1105 2298 Ital.
1124 2279 1130 2298 :
1155 2278 1230 2299 esse
1250 2266 1400 2308 (Lfante
1415 2279 1491 2300 corr.
1511 2272 1548 2299 ut

219 2311 302 2351 vid.)
327 2312 375 2341 vel
397 2317 487 2342 esset
513 2310 604 2351 (Po)
622 2311 700 2342 BA:
732 2316 823 2342 esset
846 2311 897 2342 CA
1078 2312 1116 2342 18
1139 2316 1268 2342 amaret
1283 2311 1338 2341 ΒΑ
1357 2311 1411 2351 (-it
1426 2310 1456 2341 L
1473 2315 1547 2342 ante

219 2355 314 2387 corr&
331 2365 338 2384 ε
363 2360 491 2385 amarat
509 2354 555 2384 (TA
669 2366 711 2386 20
727 2355 860 2385 bacchis
878 2354 927 2385 CA
986 2354 1119 2393 puellae
1135 2354 1191 2385 ΒΑ
1295 2365 1333 2386 21
1354 2355 1486 2386 uideret
1498 2355 1546 2386 CA

222 2398 372 2429 XXXVI
390 2409 439 2430 vv.
457 2398 603 2437 7-8l1c1l).
624 2397 684 2429 TR
795 2408 808 2428 1
834 2397 1006 2438 quodquid
1025 2397 1074 2428 CA
