1684 2763
748 155 779 191 E
789 155 1214 193 I'IGR'AMMA'I‘ON
1248 157 1299 193 111
1309 158 1336 193 Β

163 278 212 303 an
243 265 489 303 Tartesiacus
519 265 660 303 stabuli
691 265 856 303 nutritor
886 266 1025 304 Hiberi

220 330 349 368 Baetis
379 330 417 367 in
451 330 646 380 Hesperia
675 338 712 369 te
742 344 902 380 quoque
932 331 1022 368 lavit
1052 334 1154 370 ove?

163 408 211 432 an
243 402 308 433 tua
339 395 575 433 multifidum
607 395 823 433 numeravit
854 398 941 434 lana
971 396 1192 442 Timavum,

217 472 335 508 quern
367 459 452 508 pius
481 459 658 498 astrifero
689 461 866 509 Cyllarus
896 474 963 499 ore
992 460 1124 498 bibit?

163 531 200 561 te
231 537 302 561 nec
332 526 547 574 Amyclaeo
576 525 709 563 decuit
738 525 854 563 livere
883 539 1037 564 veneno

217 602 289 627 nec
320 589 480 627 Miletos
509 598 590 628 erat
618 591 759 628 vellere
789 590 906 640 digna
935 598 1014 628 tuo.

162 653 240 691 lilia
269 661 310 691 tu
340 654 462 692 vincis
493 668 565 693 nec
594 656 724 693 adhuc
754 656 915 705 delapsa
944 655 1101 704 ligustra

217 726 254 756 et
284 719 494 758 Tiburtino
526 728 660 758 monte
690 721 798 770 quod
827 722 930 769 alget
959 721 1083 767 ebur,

163 785 378 832 Spartanus
409 784 478 822 tibi
509 786 623 823 cedet
654 786 737 823 olor
769 785 1021 835 Paphiaeque
1052 786 1272 831 columbae,

217 849 331 886 cedet
363 849 584 898 Erythraeis
614 858 723 888 eruta
751 863 907 899 gemma
936 850 1073 888 vadis:

162 914 231 951 sed
262 913 350 951 licet
380 915 477 952 haec
506 914 639 964 primis
669 914 822 953 nivibus
852 915 929 953 sint
957 917 1111 953 aemula
1140 917 1256 960 dona,

218 991 296 1016 non
327 986 417 1016 sunt
449 979 659 1017 Parthenio
689 979 918 1018 candidiora
948 993 1030 1018 suo,

163 1056 241 1081 non
272 1057 344 1093 ego
374 1044 619 1092 praetulerim
652 1045 877 1093 Babylonos
907 1044 1011 1094 picta
1040 1045 1234 1094 superbae

216 1115 319 1145 texta
348 1108 576 1146 Samiramia
606 1122 706 1158 quae
736 1108 930 1146 variantur
958 1122 1032 1147 acu
1048 1123 1057 1157 5

163 1186 242 1211 non
272 1174 539 1211 Athamanteo
568 1173 697 1224 potius
728 1187 790 1212 nie
822 1173 936 1212 mirer
966 1174 1004 1211 in
1034 1187 1139 1220 auro,

215 1238 399 1277 Aeolium
430 1240 555 1277 dones
586 1238 616 1277 si
647 1238 754 1286 mihi,
788 1239 939 1286 Phrixe,
971 1253 1102 1289 pecus.

163 1303 198 1342 O
229 1311 397 1353 quantos
428 1303 525 1341 risus
556 1303 697 1354 pariter
726 1312 901 1354 spectata
932 1304 1104 1343 movebit

215 1381 305 1406 curn
338 1368 514 1406 Palatina
545 1376 677 1407 nostra
706 1370 861 1408 lacerna
891 1373 1004 1419 toga!

642 1469 782 1504 XXIX

163 1536 342 1574 Disticha
371 1536 437 1586 qui
468 1536 611 1583 scribit,
644 1544 750 1586 puto,
781 1538 863 1574 vult
893 1536 1080 1575 brevitate
1110 1538 1273 1587 placere.

214 1601 310 1651 quid
340 1603 500 1651 prodest
531 1602 708 1648 brevitas,
741 1601 804 1640 dic
835 1601 941 1648 mihi,
974 1602 1003 1639 si
1035 1601 1132 1640 liber
1161 1605 1250 1640 est?

660 1702 775 1737 XXX

162 1770 241 1819 Qui
272 1784 377 1808 nune
407 1771 622 1810 Caesareae
652 1772 758 1809 lusus
788 1778 985 1821 spectatur
1014 1772 1193 1817 harenae,

215 1835 457 1885 temporibus
489 1835 598 1873 Bruti
627 1835 748 1885 gloria
778 1849 932 1874 summa
962 1835 1043 1873 fuit.

160 1900 301 1950 aspicis
331 1908 373 1939 ut
403 1908 532 1939 teneat
562 1902 740 1939 flammas
770 1914 978 1951 poenaque
1008 1902 1154 1939 fruatur

214 1966 322 2004 fortis
353 1974 389 2004 et
419 1966 587 2004 attonito
616 1974 750 2016 regnet
779 1966 819 2003 in
849 1966 937 2016 igne
969 1969 1131 2004 manus!

161 2031 243 2081 ipse
272 2031 332 2069 sui
361 2039 556 2082 spectator
584 2033 696 2070 adest
725 2039 762 2070 et
792 2031 925 2069 nobile
955 2033 1112 2070 dextrae

214 2097 330 2134 funus
359 2104 490 2134 amat:
529 2096 619 2134 totis
649 2097 819 2147 pascitur
849 2097 912 2135 illa
941 2097 1083 2145 sacris,

1344 157 1485 194 .V111

1455 607 1492 628 10

1454 1256 1491 1277 20

206 2199 358 2229 XXVIII
384 2210 402 2238 5
428 2199 628 2231 Tart.Ital.:
654 2200 840 2230 artesiacus
851 2199 930 2230 BA:
955 2201 1161 2240 tarpesiacus
1181 2200 1229 2230 CA
1298 2200 1489 2230 hiberniCA

162 2244 183 2272 6
206 2243 286 2283 ove]
305 2253 367 2273 ooe
382 2243 436 2273 BA
541 2253 558 2282 7
584 2243 685 2273 rnulta
704 2243 805 2274 fidum
825 2244 872 2274 CA
973 2245 994 2274 8
1018 2244 1098 2274 orbe
1118 2244 1165 2274 CA
1270 2254 1291 2282 9
1316 2244 1420 2274 libere
1437 2243 1491 2272 [3³

163 2287 230 2323 (Ae.
252 2287 325 2318 liv-3
344 2298 350 2316 z
374 2286 456 2317 liere
475 2286 523 2317 CA
616 2297 654 2317 12
677 2287 766 2317 albet
782 2287 855 2317 Ital.
953 2298 989 2325 14
1015 2289 1106 2318 uadit
1125 2288 1172 2317 CA
1267 2296 1303 2325 15
1328 2287 1423 2326 primi
1443 2287 1490 2316 CA

166 2330 203 2359 18
227 2335 313 2359 testa
331 2329 384 2359 ΒΑ
467 2331 667 2360 sameramia
686 2330 740 2359 BA
756 2342 762 2361 :
786 2331 950 2361 sameraia
965 2331 1012 2361 CA
1032 2335 1068 2361 ut
1084 2330 1145 2361 vid.
1167 2331 1250 2369 (-aia
1261 2336 1323 2371 pro
1340 2330 1414 2362 -ἑὶῐει,
1435 2331 1452 2360 7'.
1466 2341 1489 2359 c.

162 2373 276 2409 amia)
449 2373 570 2403 XXIX
597 2383 609 2402 1
636 2374 705 2404 vult
723 2384 787 2404 om.
808 2374 860 2403 BA
951 2385 970 2404 2
994 2375 1021 2404 si
1039 2385 1103 2405 om.
1125 2374 1173 2404 CA
1344 2373 1445 2403 XXX
1471 2383 1488 2409 3

161 2416 282 2455 aspicit
298 2416 350 2445 BA
367 2427 373 2446 :
397 2417 519 2455 aspicis
538 2417 584 2447 CA
602 2429 608 2447 :
632 2417 771 2456 aspicite
791 2416 917 2448 Gruter.
1010 2429 1029 2455 4
1056 2427 1172 2448 manos
1190 2417 1242 2446 ΒΑ
