1684 2763
495 143 676 180 INDEX
716 142 844 180 EPIG
853 142 1182 180 RAMMATON

244 253 406 294 Sportula
424 253 517 284 nulla
534 254 652 286 datur:
676 252 781 291 gratis
799 253 939 283 conviva
957 253 1125 283 recumbis
1172 252 1233 285 ΙΙΙ,
1254 263 1305 291 30.

243 297 342 328 Stare
360 297 453 327 iubes
470 307 603 336 semper
620 302 771 326 nostrum
790 296 860 335 tibi,
884 295 1015 334 Lesbia,
1037 307 1157 334 penem
1204 295 1261 334 VI,
1283 307 1334 335 23.

244 341 352 380 Starc,
377 341 536 380 Luperce,
560 340 618 369 tibi
636 339 699 369 iam
719 339 845 378 pridem
867 340 1016 370 mentula
1032 340 1119 370 desit
1167 339 1226 379 III,
1249 350 1300 378 75.

242 384 368 415 Stellae
386 384 541 414 delicium
559 383 623 412 mei
642 383 795 413 columba
842 382 866 421 I,
889 393 916 421 7.

243 427 400 465 Stragula
416 426 597 466 purpureis
614 427 728 456 lucent
745 426 862 456 villosa
879 427 1002 465 tapetis
1050 426 1140 465 XIV,
1164 436 1235 465 147.

243 471 402 509 Stragula
420 470 578 501 succincti
596 474 737 500 venator
753 480 849 500 sume
867 470 980 500 veredi
1029 469 1120 509 XIV,
1140 470 1192 501 86.

244 514 394 545 Subdola
410 514 559 544 famosae
578 524 700 543 moneo
719 513 797 550 suge
816 513 901 543 retia
918 513 1080 543 moechae
1128 512 1170 550 II,
1190 524 1242 552 47.

243 557 437 588 Succumbit
455 558 558 587 sterili
577 557 699 587 frustra
716 557 841 595 gallina
859 558 979 587 marito
1026 556 1122 596 XIII,
1142 558 1194 594 64.

244 601 327 631 Sum
345 601 468 631 cocleis
485 601 605 631 habilis
622 601 680 630 sed
700 611 762 630 nec
779 601 892 631 minus
909 601 1001 630 utilis
1019 601 1090 630 ovis
1136 600 1227 637 XIV,
1249 611 1319 632 121.

244 644 337 683 Sum,
358 645 476 683 fateor,
497 655 700 684 semperque
719 644 774 683 sui,
795 644 998 683 Callistrate,
1019 654 1150 683 pauper
1195 644 1234 685 V,
1258 654 1307 683 13.

245 688 327 718 Sum
346 689 437 727 figuli
458 688 551 718 lusus
568 689 655 717 russi
673 698 821 727 persona
841 688 958 718 Batavi
1005 687 1096 725 XIV,
1120 689 1188 726 176.

244 732 325 762 Sum
338 732 469 769 fragilis
487 743 494 762 τ
518 732 577 761 sed
596 736 641 769 tu,
663 742 794 767 moneo,
816 742 856 761 nc
874 742 999 770 sperne
1015 731 1161 769 sigillum
1209 730 1299 770 XIV,
1324 732 1396 770 178.

245 775 350 806 Sume
368 775 573 814 Cytheriaco
591 775 792 805 medicatum
811 779 945 805 nectare
963 780 1080 805 ceston
1129 774 1219 813 XIV,
1241 785 1313 813 207.

244 818 382 849 Summa
399 820 475 849 licet
493 819 603 857 velox,
624 818 804 857 Agathine,
826 818 972 857 pericula
991 819 1085 848 ludas
1134 818 1192 856 IX,
1209 820 1260 857 38.

245 862 383 892 Summa
402 862 543 892 Palatini
562 866 698 900 poteras
715 873 860 901 aequare
877 862 1009 892 Colossi
1057 861 1152 899 V111,
1170 863 1223 892 60.

244 905 380 936 Summa
397 911 485 942 tuae,
504 905 685 944 Meleagre.
706 905 766 935 fuit
783 916 869 944 quae
887 905 992 944 gloria
1011 906 1117 935 famae
1161 904 1222 945 Ep.
1247 914 1295 944 15.

245 949 331 980 Sunt
347 950 444 986 bona,
463 954 540 979 sunt
557 950 719 988 quaedam
739 949 929 983 mediocria,
949 955 1027 979 sunt
1046 949 1129 979 mala
1147 949 1243 988 plura
1292 949 1314 986 1,
1338 949 1385 979 16.

245 993 331 1023 Sunt
348 993 484 1023 chartae
503 993 581 1022 mihi
599 1003 682 1032 quas
699 993 838 1023 Catonis
855 1003 941 1022 uxor
986 992 1046 1025 XI,
1071 1002 1118 1031 15.

245 1036 331 1067 Sunt
349 1036 473 1075 gemini
491 1036 624 1074 fratres,
642 1036 771 1066 diversa
788 1037 849 1066 sed
867 1037 1006 1074 inguina
1023 1036 1158 1074 lingunt
1203 1035 1265 1075 ΙΙΙ,
1284 1037 1338 1068 88.

245 1079 332 1110 Sunt
348 1080 481 1119 quidam
500 1080 555 1118 qui
574 1090 628 1109 me
645 1080 755 1109 dicant
773 1090 840 1109 non
858 1089 933 1109 esse
950 1084 1083 1118 poetam
1131 1079 1222 1118 XIV,
1246 1089 1314 1119 194.

245 1122 330 1153 Sunt
348 1123 419 1161 tibi,
439 1124 613 1161 confiteor,
632 1123 743 1152 diffusi
763 1124 878 1160 iugera
895 1123 1005 1162 campi
1052 1122 1112 1162 III,
1132 1132 1182 1161 31.

244 1166 428 1205 Supremas
443 1166 503 1197 tibi
520 1166 657 1197 triciens
673 1166 706 1196 in
723 1176 812 1195 anno
856 1166 895 1203 V,
916 1177 967 1204 39.

244 1209 397 1248 Sui-gite:
425 1210 487 1240 iam
506 1210 621 1240 vendit
637 1210 750 1249 pueris
768 1209 936 1239 ientacula
952 1209 1061 1249 pistor
1105 1209 1195 1243 XIV,
1215 1219 1288 1247 223.

246 1253 444 1283 Surrentina
461 1254 570 1283 bibis?
596 1263 659 1283 nec
678 1254 824 1283 murrina
841 1253 930 1292 picta
948 1263 1009 1283 nec
1027 1263 1142 1283 aurum
1190 1252 1287 1291 XIII,
1310 1263 1380 1283 110.

245 1296 414 1336 Surripuit
431 1301 546 1335 pastor
562 1307 647 1335 quae
665 1297 815 1326 nondum
832 1296 1001 1326 stantibus
1018 1296 1135 1327 haedis
1180 1296 1276 1336 XIII,
1296 1297 1347 1336 38.

245 1340 311 1370 Sus
328 1339 397 1370 sera
416 1341 479 1369 iam
498 1340 630 1378 gravior
647 1340 769 1370 maturi
786 1340 929 1378 pignore
946 1339 1074 1370 ventris
1119 1339 1180 1379 Ep.
1203 1350 1251 1378 14.

246 1383 350 1413 Sutor
366 1384 466 1414 cerdo
485 1384 576 1413 dedit
594 1383 665 1420 tibi,
684 1383 772 1413 culta
791 1383 954 1421 Bononia,
974 1393 1097 1414 munus
1143 1383 1203 1420 III,
1224 1393 1276 1423 59.

246 1427 476 1466 Synthesibus
493 1427 571 1457 dum
590 1427 716 1465 gaudet
732 1437 837 1466 eques
853 1427 1075 1466 dominusque
1092 1432 1230 1458 senator
1275 1427 1366 1467 XIV,
1390 1437 1414 1458 1.

244 1514 326 1545 Tam
346 1515 446 1545 dubia
463 1520 514 1546 est
531 1514 654 1553 lanugo
672 1515 741 1553 tibi,
762 1519 828 1544 tam
847 1513 956 1544 mollis
974 1519 1009 1544 ut
1027 1514 1115 1545 illam
1161 1515 1204 1553 X,
1224 1526 1275 1552 42.

244 1558 325 1589 Tam
345 1559 429 1589 male
445 1559 549 1588 Thais
566 1558 636 1588 olet
652 1569 750 1598 quarn
769 1568 835 1588 non
854 1558 990 1588 fullonis
1007 1559 1099 1588 avari
1144 1558 1201 1596 VI,
1219 1569 1271 1598 93.

245 1602 325 1632 Tam
343 1612 445 1641 saepe
463 1607 616 1632 nostrum
634 1602 740 1641 decipi
763 1601 971 1632 Fabullinum
1020 1601 1098 1639 XII,
1119 1612 1171 1641 51.

245 1645 326 1676 Tam
344 1646 522 1675 tremulum
542 1645 731 1681 crisat‚tam
749 1645 907 1675 blandum
924 1646 1044 1684 prurit,
1061 1650 1096 1675 ut
1114 1646 1223 1685 ipsum
1260 1644 1351 1684 XIV,
1366 1655 1438 1684 203.

244 1689 418 1727 Tanquam
437 1700 540 1728 parva
558 1689 643 1719 soret
658 1699 762 1719 sexus
778 1689 899 1719 iniuria
917 1689 1023 1719 nostri
1071 1688 1131 1729 IX,
1149 1699 1176 1727 7.

244 1732 416 1771 Tanquam
435 1733 632 1771 simpliciter
646 1743 787 1771 mecum,
807 1732 1010 1767 Callistrato,
1029 1733 1123 1762 vivas
1169 1731 1248 1771 XII,
1267 1742 1317 1771 35.

245 1776 354 1806 Tanta
371 1781 422 1806 est
440 1786 526 1814 quae
544 1776 631 1806 Titio
649 1776 804 1806 columna
819 1776 945 1815 pendet
992 1775 1052 1814 XI,
1071 1786 1127 1815 51.

245 1819 353 1849 Tanta
370 1820 429 1849 tibi
446 1823 497 1849 est
514 1820 617 1849 animi
635 1819 785 1858 probitas
801 1820 947 1858 orisque,
968 1819 1103 1849 Safroni
1151 1818 1211 1855 XI,
1234 1828 1304 1857 103.

244 1863 352 1893 Tanta
370 1863 426 1892 tibi
444 1867 495 1893 est
515 1863 597 1893 recti
616 1863 815 1901 reverentia,
836 1863 972 1900 Caesar,
992 1868 1025 1892 et
1041 1863 1140 1902 aequi
1186 1861 1246 1899 XI,
1266 1873 1295 1902 5.

245 1906 370 1936 Tantos
387 1912 420 1936 et
437 1911 548 1936 tantas
566 1906 592 1935 si
610 1907 724 1936 dicere
742 1906 965 1937 Sextilianum
1011 1905 1068 1945 VI,
1089 1917 1141 1945 54.

245 1949 389 1979 Tantum
407 1950 463 1980 dat
480 1950 539 1980 tibi
558 1949 666 1980 Roma
684 1950 853 1980 basiorum
900 1949 977 1982 XII.
997 1960 1050 1988 59.

245 1993 390 2023 Tantum
408 2003 529 2031 magna
545 2003 606 2023 suo
624 1993 724 2023 debet
740 1992 875 2023 Verona
892 1993 1025 2023 Catullo
1072 1992 1162 2026 XIV,
1186 2002 1259 2032 195.

244 2036 372 2067 Tantus
389 2046 425 2066 es
443 2041 476 2066 et
492 2036 567 2066 talis
585 2036 700 2076 nostriy
722 2036 942 2076 Polypheme,
964 2037 1083 2066 Severi
1128 2035 1204 2074 VII,
1224 2037 1275 2075 38.

245 2079 410 2119 Tarpeiae
426 2080 620 2110 venerande
637 2085 749 2110 rector
763 2081 860 2110 aulae
906 2079 982 2118 VII,
1002 2081 1053 2111 60.

245 2123 409 2162 Tarpeias
428 2123 599 2153 Diodorus
616 2124 656 2153 ad
673 2133 814 2154 coronas
860 2122 920 2161 IX,
939 2134 993 2162 40.

247 2166 403 2205 Tarraco,
423 2166 595 2204 Campano
612 2171 742 2198 tantum
760 2177 897 2197 cessura
916 2167 1030 2205 Lyaeo
1075 2165 1171 2199 ΧΙΙῙ.
1195 2166 1266 2198 118.

246 2209 394 2239 Taurino
412 2214 548 2248 poteras
564 2214 682 2248 pectus
698 2210 933 2249 constringere
950 2215 1045 2249 tergo
1092 2209 1185 2246 XIV,
1202 2211 1254 2240 66.

246 2252 295 2282 Te
313 2252 454 2282 sortasse
472 2253 578 2291 magis
595 2253 703 2292 capiat
721 2254 762 2283 de
780 2254 911 2292 virgine
928 2264 1030 2293 porca
1076 2252 1172 2291 XIII,
1193 2255 1245 2292 56.

247 2296 417 2334 Tempora
435 2296 545 2325 Pieria
561 2296 679 2326 solitus
696 2297 853 2327 redimire
871 2307 998 2327 corona
1044 2295 1124 2333 XII,
1143 2306 1194 2334 52.

246 2339 416 2378 Tempore
433 2339 572 2369 brumali
591 2349 657 2369 non
675 2341 814 2370 multum
831 2340 917 2370 levia
932 2345 1076 2379 prosunt
1121 2339 1213 2371 XIV.
1234 2340 1303 2376 138.

247 2382 473 2421 Temporibus
489 2383 614 2412 nostris
631 2388 724 2413 aetas
741 2393 815 2413 cum
834 2383 931 2414 cedat
948 2393 1086 2413 avorum
1132 2381 1226 2415 VIII.
1246 2392 1296 2420 55.

247 2426 315 2457 Ter
330 2430 475 2457 centena
491 2426 629 2465 quidem
646 2431 782 2466 poteras
798 2428 1040 2466 epigrammata
1057 2426 1145 2457 ferre
1191 2423 1234 2464 II,
1257 2435 1284 2458 1.
