1684 2763
188 139 243 176 M.
274 139 397 175 VAL.
433 138 748 176 MARTIALIS

182 249 375 300 promittis
404 257 583 289 sescenta
610 257 769 298 tamen3
807 251 877 289 sed
907 252 1082 289 mentula
1111 252 1227 290 surda
1257 259 1325 299 est,

236 323 274 354 et
303 315 351 354 sit
380 317 488 354 lusca
516 315 618 363 lieet,
649 323 687 354 te
716 323 848 354 tamen
878 315 943 355 illa
970 316 1087 355 videt.
1479 333 1516 356 10

637 411 864 448 XXXVIII

181 481 344 519 Summa
372 480 463 519 lieet
492 481 615 527 velox,
646 480 855 530 Agaffline,
886 479 1060 530 pericula
1088 482 1212 529 ludas,

234 559 315 584 non
345 553 478 584 tamen
508 544 652 583 efficies
682 553 724 583 ut
754 544 825 583 tibi
854 558 990 594 parma
1019 547 1144 584 eadat.

181 612 382 650 nolentem
413 609 588 659 sequitur
616 609 824 659 tenuisque
854 623 1005 648 reversa
1035 623 1103 660 per
1131 623 1244 649 auras

234 677 294 714 vel
324 676 426 726 pede
455 676 516 713 vel
546 682 666 724 tergo,
698 674 804 713 crine
833 676 894 713 vel
924 688 1055 725 ungue
1085 677 1196 714 sedet
1212 690 1222 723 3

181 741 329 780 lubrica
359 739 528 790 Corycio
558 739 736 790 quamvis
766 739 843 778 sint
872 739 1024 790 pulpita
1054 740 1192 779 nimbo
1499 758 1515 789 5

235 813 272 844 et
302 805 454 856 rapiant
484 806 629 843 celeres
659 805 744 843 vela
774 812 915 854 negata
945 804 1052 851 Noti,

181 884 338 909 securos
368 869 478 920 pueri
509 871 686 920 neglecta
715 870 962 920 perambulat
991 878 1109 917 artuS,

233 943 271 974 et
302 942 419 974 nocet
447 934 586 973 artifici
615 942 755 973 ventus
785 942 823 973 et
853 935 960 973 unda
990 934 1099 972 nihil.

181 1002 233 1039 Vt
262 1013 425 1051 peecare
454 999 562 1048 velis,
593 1013 683 1038 eum
714 1000 851 1038 feceris
881 999 1026 1047 omnia,
1058 999 1139 1038 falli

234 1079 314 1104 non
344 1073 480 1116 potes:
519 1072 600 1104 arte
630 1078 729 1115 opus
760 1072 817 1103 est
847 1072 888 1103 ut
919 1064 989 1103 tibi
1018 1078 1152 1115 parma
1182 1066 1307 1104 eadat.
1478 1082 1516 1104 10

662 1165 843 1202 XXXIX

180 1234 309 1273 Prima
340 1234 519 1273 Palatino
549 1236 614 1272 lux
644 1242 702 1272 est
731 1235 830 1272 haec
859 1242 943 1272 orta
973 1234 1160 1281 Tonanti,

232 1300 419 1350 Optasset
449 1300 599 1349 Cybele
629 1313 706 1349 qua
735 1299 934 1349 peperisse
965 1300 1127 1347 Iovem;

178 1368 251 1404 hae
280 1373 318 1404 et
348 1373 482 1403 saneta
512 1364 588 1403 mei
617 1365 748 1415 genita
777 1373 835 1403 est
866 1365 1062 1404 Caesonia
1092 1366 1209 1403 Rufi:

231 1432 319 1481 plus
349 1431 467 1469 debet
498 1430 609 1468 matri
640 1431 747 1468 nulla
776 1431 906 1480 puella
936 1443 1040 1468 suae.

179 1498 363 1534 Laetatur
391 1495 547 1545 gemina
577 1503 758 1534 votorum
788 1503 891 1533 sorte
921 1495 1092 1542 maritus,
1494 1511 1510 1542 5

231 1561 395 1611 contigit
426 1562 532 1599 hunc
562 1560 617 1598 illi
647 1561 756 1611 quod
786 1560 846 1599 bis
875 1574 1006 1599 amare
1036 1560 1153 1599 diem.

285 1730 472 1780 Tarpeias
505 1729 705 1768 Diodorus
735 1731 786 1768 ad
816 1743 981 1768 coronas

287 1797 458 1833 Romam
488 1808 578 1832 eum
609 1802 758 1844 peteret
788 1796 916 1832 Pharo
946 1794 1090 1841 relicta,

284 1860 390 1898 vovit
419 1873 490 1909 pro
520 1859 646 1898 reditu
676 1859 745 1897 viri
778 1859 974 1897 Philaenis

286 1925 390 1963 illam
420 1924 584 1974 lingeret
613 1932 655 1962 ut
684 1926 815 1974 puella
845 1924 1011 1974 simplex

285 2004 403 2040 quam
434 1997 564 2028 castae
593 2003 753 2040 quoque
783 1989 950 2039 diligunt
981 1989 1160 2028 Sabinae.
1490 2007 1507 2038 5

224 2094 392 2124 XXXVII
422 2104 461 2124 10
485 2094 583 2124 surda
601 2093 651 2123 CA
665 2093 715 2134 (cf
734 2105 762 2125 v.
781 2094 815 2133 9)
907 2093 956 2133 te]
976 2098 1009 2124 et
1026 2093 1083 2124 BA

223 2137 409 2168 XXXVIII
439 2148 450 2167 1
479 2137 595 2168 laudas
613 2137 662 2167 CA
794 2149 813 2176 4
838 2137 931 2167 crine
948 2137 1021 2168 BA:
1049 2137 1174 2176 pingue
1192 2136 1296 2176 (psl)
1317 2137 1363 2168 CA
1489 2147 1508 2177 5

179 2181 305 2212 lubrico
326 2180 419 2220 „EA)
437 2181 487 2211 vel
502 2192 554 2211 -ca
573 2181 621 2212 CA
752 2181 794 2211 sit
813 2180 862 2211 CA
992 2182 1013 2210 6
1037 2181 1166 2211 celeres
1186 2191 1249 2211 om.
1271 2180 1319 2211 CA

223 2224 379 2255 XXXIX
399 2235 411 2254 1
433 2225 489 2254 lux
506 2225 590 2255 haec
608 2228 660 2254 est
673 2223 724 2255 L:
748 2225 832 2255 haec
849 2224 907 2254 lux
924 2224 1014 2262 estf
1093 2234 1112 2262 3
1137 2224 1219 2254 haec
1231 2224 1285 2254 BA
1373 2228 1508 2256 sanctu-

180 2269 374 2307 meugenita
389 2268 433 2298 CA
450 2278 483 2307 ¹2¹¹
497 2273 558 2307 pro
574 2279 604 2309 a,
623 2279 666 2306 ug
678 2274 740 2308 pro
757 2268 805 2306 ig)
874 2267 1025 2298 caelonia
1041 2266 1123 2305 (ce-⁸:
1140 2267 1192 2296 BA
1303 2278 1321 2305 4
1347 2268 1377 2298 d.
1396 2267 1506 2310 [esse]

181 2312 241 2351 CA,
257 2311 315 2341 scd
326 2322 403 2342 corr.
424 2316 460 2341 ut
475 2311 539 2342 vid.
630 2321 650 2350 5
674 2311 829 2342 maritum
848 2310 898 2341 CA
985 2312 1006 2341 6
1028 2311 1079 2341 uis
1098 2310 1145 2340 CA
1163 2314 1201 2340 ut
1215 2311 1277 2342 vid.
1301 2311 1334 2352 (ι’.
1348 2321 1371 2342 e.
1390 2312 1454 2350 bis)

223 2355 285 2386 XL
309 2365 358 2386 vv.
383 2355 807 2395 1—4,6*7‚9-11postXLI
818 2355 891 2385 lmb.
913 2354 943 2385 T
1035 2364 1054 2383 2
1074 2354 1182 2384 Roma
1197 2354 1245 2384 CA
1334 2366 1354 2393 4
1378 2355 1458 2386 illim
1483 2354 1512 2385 T

179 2408 315 2439 semper
330 2409 408 2430 corr.
428 2398 573 2438 simplex
591 2402 627 2428 ut
641 2397 705 2429 vid.
724 2398 781 2429 ΒΑ
868 2407 888 2438 5
912 2397 1050 2429 sabinae
1067 2397 1123 2427 BA
1138 2409 1144 2428 :
1169 2397 1302 2437 puellae
1320 2397 1369 2429 CA
