1684 2763
227 162 281 199 M.
315 161 437 199 VAL.
471 161 784 200 MARTIALIS

333 279 371 312 et
400 271 499 312 dicis
528 271 638 321 mihi,
669 273 800 322 Cotta,
829 272 924 311 ‘Vis
953 272 993 311 in
1022 274 1167 312 auro?'

334 337 556 389 Quisquam
586 339 773 389 plumbea
801 338 892 377 vina
920 339 1001 377 volt
1030 337 1070 376 in
1099 340 1224 377 auro?
1537 351 1555 384 5

774 442 807 478 L

228 507 395 555 Frangat
426 505 636 543 Idumaeas
667 504 783 543 tristis
813 504 989 543 Victoria
1017 507 1182 554 palmas,

280 571 431 620 plange,
466 571 601 616 Favor,
633 583 748 608 saeva
777 577 937 619 pectora
966 571 1073 608 nuda
1103 583 1222 608 manu
1237 585 1247 618 3

228 642 356 674 mutet
383 636 527 673 Honor
555 636 694 681 cultus,
727 641 765 672 et
794 634 937 683 iniquis
969 647 1131 672 munera
1161 634 1330 673 flammis

281 700 392 738 mitte
421 706 639 746 coronatas,
672 699 806 738 Gloria
836 706 996 746 maesta,
1028 713 1173 738 comaS.

230 767 322 804 Heu
352 764 526 802 facinus!
566 764 691 814 prima
721 765 932 811 fraudatus,
966 766 1124 815 Scorpe,
1156 764 1313 804 iuventa
1541 782 1558 813 5

281 829 430 869 occidis
460 837 498 868 et
527 829 657 879 nigros
687 837 766 867 tam
798 830 876 868 cito
905 829 1032 880 iungis
1062 843 1197 880 equos.

228 895 404 934 curribus
433 894 499 932 illa
528 894 603 933 tuis
633 908 788 944 semper
817 902 1025 945 properata
1054 894 1262 946 brevisque

282 973 351 998 cur
379 959 451 998 fuit
480 967 517 997 et
547 959 648 998 vitae
678 968 756 998 tam
788 974 910 1010 prope
940 967 1045 998 meta
1074 961 1197 999 tuae?

758 1054 813 1091 LI

229 1118 365 1157 Sidera
394 1117 470 1155 iam
500 1118 641 1167 Tyrius
672 1118 825 1157 Phrixei
855 1118 1011 1168 respicit
1040 1118 1129 1169 agni

283 1191 415 1222 taurus
445 1190 483 1221 et
511 1184 704 1221 alternum
737 1184 900 1222 Castora
930 1183 1025 1233 fugit
1054 1183 1207 1231 hiems3

230 1249 329 1287 ridet
358 1261 458 1297 ager,
491 1248 652 1286 vestitur
681 1249 836 1295 humus,
869 1249 1030 1286 vestitur
1059 1256 1096 1287 et
1125 1249 1252 1295 arbor,

286 1313 492 1351 Ismarium
524 1314 660 1362 paelex
690 1313 822 1351 Attica
851 1315 977 1363 plorat
1008 1315 1110 1363 Ityn.

231 1392 341 1428 quos,
375 1377 571 1424 Faustina
603 1377 698 1424 dies,
731 1380 866 1427 quales
896 1378 966 1417 tibi
999 1380 1129 1416 Roma
1161 1379 1439 1418 †Ravennae†
1545 1394 1561 1424 ,ς

284 1442 471 1481 abstulit!
511 1456 534 1480 o
565 1444 677 1489 soles,
711 1456 734 1481 o
764 1443 938 1481 tunicata
968 1443 1104 1493 quies!

232 1522 255 1546 o
285 1521 435 1554 nemus,
468 1521 491 1546 o
521 1509 649 1545 fontes
679 1507 930 1558 solidumque
960 1508 1155 1547 madentis
1185 1509 1353 1547 harenae

287 1573 376 1611 litus
406 1580 443 1611 et
473 1572 678 1622 aequoreis
709 1573 940 1623 splendidus
971 1575 1107 1611 Anxur
1140 1573 1262 1624 aquis,

233 1646 271 1677 et
300 1651 380 1676 non
411 1637 526 1675 unius
556 1645 752 1687 spectator
780 1639 946 1676 lectulus
976 1639 1117 1685 undae,

287 1702 353 1752 qui
383 1702 489 1741 videt
518 1702 610 1740 hinc
640 1716 792 1752 puppes
822 1702 1006 1749 fluminis,
1037 1702 1130 1741 inde
1160 1702 1299 1740 maris!
1526 1718 1565 1741 10

235 1766 311 1803 Sed
342 1778 415 1802 nee
448 1764 624 1802 Marcelli
655 1764 1034 1814 Pompeianumque,
1067 1778 1140 1803 nec
1172 1764 1250 1803 illic

288 1837 379 1867 sunt
408 1829 577 1879 triplices
607 1830 782 1867 thermae
812 1843 884 1867 nec
915 1830 997 1867 fora
1025 1829 1158 1867 iuncta
1187 1836 1334 1878 quater,

236 1907 308 1932 nec
338 1893 551 1943 Capitolini
581 1907 779 1931 summum
810 1895 1008 1944 penetrale
1037 1893 1231 1932 Tonantis

289 1972 469 2008 quaeque
498 1958 623 1997 nitent
653 1960 762 1996 caelo
791 1958 967 2008 proxima
996 1960 1142 2008 templa
1171 1971 1253 1997 suo.

239 2023 379 2062 Dicere
409 2031 447 2062 te
475 2025 621 2062 lassum
652 2023 834 2073 quotiens
864 2037 937 2074 ego
967 2025 1086 2062 credo
1116 2023 1311 2072 Quirino:
1527 2039 1564 2071 15

293 2089 429 2137 ‘Quae
459 2096 524 2126 tua
555 2096 655 2135 sunt,
688 2088 757 2126 tibi
787 2089 913 2127 habe:
953 2101 1054 2138 quae
1084 2101 1182 2134 mea,
1214 2089 1335 2127 redde
1365 2087 1485 2126 mihi.'

282 2200 308 2230 L
334 2211 352 2230 2
376 2199 494 2230 fauore
513 2200 563 2230 CA
693 2210 712 2238 5
737 2201 864 2240 primae
882 2199 931 2230 CA
1054 2209 1071 2237 7
1097 2203 1171 2229 tues
1189 2197 1238 2228 CA
1369 2199 1389 2228 8
1413 2197 1488 2239 cur]
1512 2198 1565 2230 cui

241 2243 289 2273 CA
394 2244 486 2274 uisae
506 2243 554 2274 CA
830 2243 873 2273 LI
898 2252 918 2282 5
942 2241 1074 2281 qualem
1091 2242 1149 2272 tibi
1166 2241 1240 2273 BA:
1265 2241 1365 2281 quale
1382 2241 1424 2272 sit
1441 2242 1498 2272 tibi
1518 2242 1567 2272 CA

240 2286 371 2327 (quales
392 2287 450 2316 tibi
470 2287 515 2327 C)
587 2296 771 2317 rauennam
794 2287 869 2317 BA:
893 2296 973 2317 -nae
992 2285 1041 2315 CA
1061 2286 1143 2325 (pro
1165 2285 1331 2315 Ravenne
1351 2295 1441 2316 nom.
1457 2290 1564 2325 propr.

239 2341 299 2360 voc.
326 2332 440 2368 casnz)
581 2332 601 2360 6
626 2330 775 2360 tunicato
791 2329 846 2359 ΒΑ
990 2339 1007 2367 7
1033 2329 1216 2369 madentis]
1236 2328 1347 2358 dentis
1367 2327 1417 2358 CA
1546 2330 1566 2359 8

239 2372 374 2412 Anxur]
392 2373 466 2402 axis
478 2372 531 2402 BA
677 2383 714 2403 10
739 2373 839 2403 maris
852 2372 923 2404 BA:
949 2377 1037 2403 rates
1052 2372 1101 2403 CA
1235 2382 1270 2403 11
1299 2371 1367 2402 Sed
1387 2381 1497 2411 neque
1510 2371 1565 2401 BA

244 2426 281 2456 13
305 2421 447 2456 penetra
466 2416 519 2446 BA
