1684 2763
765 127 1230 165 1⁴:1³1GRAMMA'1‘ON
1264 128 1315 164 LI
1325 128 1364 163 Β.
1401 129 1431 162 X'
1443 129 1477 164 11

261 238 439 275 undenas
469 238 576 275 dolat
607 236 644 274 in
675 236 739 274 (lic
770 238 929 286 puellas.

261 303 444 351 harpasto
474 316 634 351 quoque
664 302 857 351 subligata
886 302 985 340 ludit

261 375 297 404 et
328 366 500 404 flavescit
531 368 671 416 haphe,
704 380 918 416 gravesque
948 366 1103 405 draucis
1466 385 1481 415 5

262 433 429 469 halteras
460 432 561 469 sacili
593 440 692 470 rotat
723 433 880 479 lacerto,

260 505 298 534 et
328 497 431 546 putri
461 499 654 534 lutulenta
683 498 734 535 de
764 499 954 547 palaestra

261 561 368 600 uncti
397 563 557 600 verbere
586 563 743 611 vapulat
774 562 971 611 magistri:

262 641 334 665 nec
364 635 477 665 cenat
508 627 613 676 prius
642 635 709 664 aut
739 627 932 665 recumbit
961 634 1052 664 ante

261 706 378 741 quam
410 700 560 742 septem
592 692 741 730 vomuit
773 706 900 731 meros
931 694 1131 738 deunces3
1350 703 1353 706 ’
1447 709 1482 729 ιο

261 758 311 795 ad
341 771 440 806 quos
471 759 526 794 fas
557 757 628 795 sibi
661 765 755 795 tunc
786 766 895 807 putat
926 757 1062 803 redire,

262 835 351 858 cum
382 821 590 871 coloephia
620 821 793 860 sedecim
825 821 1009 860 comedit.

263 895 350 935 post
380 888 476 925 haec
506 887 639 924 omnia
668 900 757 924 cum
788 887 1026 934 libidinatur,

264 965 342 988 non
372 953 644 1001 fellatfflputat
674 953 750 989 hoc
780 965 915 1000 parum
947 951 1119 998 vi1·ile-—‚

263 1017 332 1053 sed
361 1017 477 1065 plane
507 1015 656 1054 medias
686 1023 793 1053 vorat
823 1017 982 1064 puellas.
1449 1032 1481 1061 ις

269 1080 315 1117 1)1
348 1088 519 1118 mentem
550 1080 620 1118 tibi
650 1082 745 1118 dent
775 1087 894 1125 tuam,
927 1080 1115 1127 Philaeni,

263 1158 438 1182 cunnum
469 1145 613 1195 lingere
643 1158 743 1194 quae
773 1153 887 1194 putas
917 1145 1034 1183 virile.

677 1223 856 1259 LXVIII

158 1293 450 1330 Commendare
481 1305 597 1338 meas,
632 1291 800 1329 Instanti
832 1293 948 1339 Rufe,
979 1293 1175 1331 Camenas

210 1370 325 1405 parce
354 1370 491 1407 precor
520 1370 682 1395 socero:
722 1357 820 1395 seria
850 1359 979 1395 forsan
1008 1365 1123 1395 amat.

157 1423 264 1470 quod
294 1422 324 1459 si
355 1422 519 1460 lascivos
548 1422 719 1460 admittit
749 1430 786 1460 et
815 1422 879 1460 ille
908 1422 1075 1469 libellos,

211 1488 307 1524 haec
337 1500 409 1536 ego
439 1489 498 1524 vel
530 1487 650 1526 Curio
681 1487 940 1537 Fabricioque
970 1489 1107 1537 legam.

703 1559 838 1595 LXIX

161 1629 274 1665 Haec
304 1636 360 1665 est
392 1628 454 1665 illa
485 1628 553 1666 tibi
584 1628 776 1678 promissa
804 1628 1041 1678 Theophila,
1072 1628 1185 1675 Cani,

213 1692 323 1730 cuius
354 1693 546 1742 Cecropia
576 1701 735 1743 pectora
765 1695 859 1732 dote
890 1695 1061 1732 madent.

159 1759 260 1795 hanc
289 1757 362 1796 sibi
393 1758 473 1796 iure
503 1766 609 1807 petat
639 1758 769 1808 magni
798 1758 902 1796 senis
932 1758 1086 1796 Atticus
1116 1759 1262 1805 hortus,

213 1836 285 1860 nec
316 1822 445 1860 minus
475 1836 559 1861 esse
588 1837 699 1861 suam
730 1823 861 1862 Stoica
890 1824 1003 1862 turba
1032 1823 1134 1861 velit.

158 1887 260 1925 vivet
289 1900 388 1936 opus
418 1889 699 1937 quodcumque
728 1902 797 1938 per
825 1890 895 1926 has
924 1888 1098 1926 emiseris
1127 1902 1264 1936 aures3

214 1960 291 1989 tam
323 1965 402 1990 non
433 1953 646 1991 femineum
677 1967 750 1991 nec
779 1955 967 2003 populare
997 1953 1108 2003 sapit.

208 2038 332 2068 LXVII
358 2049 378 2077 3
402 2038 493 2068 dolat
512 2038 650 2069 Gruter:
675 2039 766 2069 dolet
783 2039 860 2070 BA:
885 2045 982 2070 uorat
1000 2039 1048 2070 CA
1221 2052 1239 2078 4
1263 2050 1415 2078 quosque
1434 2041 1487 2070 BA

161 2092 180 2119 5
205 2082 280 2111 flaui
304 2082 457 2121 scitaphe
474 2082 528 2112 B>-
617 2083 754 2113 draucis
768 2083 840 2114 Ital.
861 2095 867 2113 ι
893 2084 1036 2114 draucos
1054 2082 1130 2113 BA:
1155 2083 1294 2113 drances
1315 2083 1363 2113 CA
1469 2088 1488 2113 o

160 2125 308 2155 alternas
323 2125 379 2154 BA
525 2135 560 2155 11
588 2126 699 2156 redire
716 2127 792 2156 BA:
817 2127 942 2157 reuerti
962 2127 1009 2157 CA
1156 2138 1194 2156 12
1217 2127 1379 2167 sedecim]
1407 2137 1487 2166 sepe

160 2168 243 2198 clam
261 2168 314 2198 ΒΑ
449 2178 487 2206 15
510 2179 594 2199 sane
609 2169 686 2200 BA:
711 2171 811 2209 plane
830 2170 877 2200 CA
1016 2173 1055 2201 16
1081 2170 1279 2200 Dementem
1300 2170 1349 2200 CA
1432 2176 1487 2200 tua

161 2211 326 2250 pliilaenis
345 2211 393 2242 CA
494 2223 530 2250 17
556 2223 641 2252 quae
658 2213 731 2243 EA:
756 2214 813 2252 qui
833 2213 882 2243 CA
1100 2213 1245 2244 LXVIII
1271 2224 1290 2252 3
1308 2218 1340 2243 et
1354 2224 1419 2244 0111.
1432 2214 1487 2244 BA

206 2254 321 2284 LXIX
344 2266 362 2284 2
388 2256 467 2285 dote
483 2255 536 2285 ΒΑ
553 2267 560 2286 :
584 2267 668 2287 uoce
687 2257 735 2287 CA
825 2261 964 2287 manent
979 2257 1033 2286 ΒΑ
1123 2267 1209 2296 3-10
1234 2268 1303 2287 nov.
1318 2257 1416 2296 epigr.
1434 2257 1486 2286 BA

160 2309 179 2336 3
204 2303 297 2336 putat
314 2298 367 2327 ΒΑ
456 2299 539 2329 ortis
557 2300 642 2339 (ha)
657 2300 705 2330 CA
837 2311 856 2338 4
882 2305 973 2330 tuum
989 2301 1043 2330 ΒΑ
1177 2310 1195 2339 5
1221 2311 1281 2339 per
1298 2310 1485 2339 quemcum—

161 2351 225 2379 que
245 2351 304 2380 per
326 2342 385 2371 has
410 2342 557 2372 emiserit
574 2353 674 2374 aures
691 2344 745 2384 <ex
769 2354 838 2374 —ras
865 2348 901 2373 ut
924 2344 1002 2384 vid.)
1021 2344 1075 2374 BA
1164 2345 1225 2374 has
1242 2344 1293 2373 ΒΑ
1310 2356 1316 2374 ;
1342 2345 1422 2374 istas
1441 2343 1484 2370 (’1

161 2386 181 2413 6
205 2385 268 2415 iam
286 2384 339 2414 BA
