1684 2763
764 134 1235 173 EPIGRAMMATON
1268 137 1371 174 LIB.
1406 138 1444 174 II

638 245 711 283 XC

119 315 374 364 Quintiliane,
406 328 525 365 vagae
556 316 780 353 moderator
810 328 964 353 summe
995 315 1187 363 iuventae,

170 381 291 431 gloria
322 383 542 427 Romanae,
573 379 827 429 Quintiliane,
861 388 986 430 togae,

118 447 245 485 vivere
274 448 382 496 quod
413 459 581 496 propero
612 459 760 495 pauper
790 459 862 483 nec
893 445 1042 483 inutilis
1072 446 1197 494 annis,

172 513 222 550 da
252 512 434 550 veniam:
474 519 657 561 properat
686 511 814 549 vivere
844 524 963 549 nemo
992 511 1094 549 satis.

119 577 270 615 differat
300 578 376 615 hoc
405 576 550 627 patrios
581 583 690 626 optat
720 575 787 625 qui
818 576 974 614 vincere
1003 590 1145 615 census
1434 596 1450 625 5

171 642 346 692 atriaque
376 641 586 680 inmodicis
615 649 714 680 artat
744 641 990 692 imaginibus.

121 721 182 746 me
212 709 322 746 focus
353 715 390 745 et
420 707 550 757 nigros
581 721 661 745 non
692 706 939 756 indignantia
969 708 1097 745 fumos

174 781 277 811 tecta
306 772 439 811 iuvant
470 781 508 810 et
537 774 625 811 fons
655 772 764 810 vivus
795 780 832 810 et
862 773 983 810 herba
1013 773 1130 811 rudis.

119 838 166 875 sit
197 837 292 875 mihi
322 852 441 876 verna
471 846 588 885 satur,
620 837 668 875 sit
698 851 779 876 non
810 837 1040 875 doctissima
1070 838 1252 886 coniunx,

173 903 220 940 sit
251 916 328 941 nox
358 916 448 940 eum
479 916 631 949 somno,
665 901 712 939 sit
743 901 826 940 sine
856 901 922 940 lite
952 902 1047 940 dies.
1416 920 1455 941 10

631 990 727 1028 XCI

123 1064 269 1100 Rerum
300 1069 405 1100 certa
434 1062 548 1106 salus,
581 1068 767 1099 terrarum
797 1060 930 1110 gloria,
963 1062 1118 1108 Caesar,

175 1126 321 1176 sospite
351 1140 430 1176 quo
462 1139 625 1175 magnos
656 1125 853 1164 credimus
883 1139 969 1164 esse
999 1127 1106 1174 deos,

122 1193 149 1229 si
183 1191 373 1230 festinatis
405 1191 548 1230 totiens
580 1190 650 1229 tibi
680 1193 781 1229 lecta
810 1190 951 1230 libellis

174 1257 379 1295 detinuere
410 1258 546 1295 oculos
577 1255 751 1294 carmina
781 1264 914 1295 nostra
943 1264 1044 1301 tuos,

122 1324 230 1372 quod
260 1324 417 1361 fortuna
446 1330 550 1360 vetat
580 1321 663 1360 fieri
693 1322 875 1372 permitte
905 1322 1039 1369 videri,
1437 1341 1453 1371 5

176 1396 356 1426 natorum
387 1387 538 1437 genitor
568 1388 704 1425 credar
733 1396 774 1425 ut
804 1401 890 1426 esse
920 1387 1047 1425 trium.

124 1455 230 1501 haec,
263 1453 292 1491 si
323 1453 516 1503 displicui,
550 1453 693 1491 fuerint
723 1453 868 1491 solacia
898 1453 1040 1500 nobis;

176 1521 273 1557 haec
303 1518 445 1557 fuerint
475 1518 591 1556 nobis
618 1518 802 1568 praemia,
835 1518 865 1556 si
895 1518 1035 1567 placui.

621 1607 740 1645 XCII

231 1679 426 1716 Natorum
458 1676 552 1714 mihi
584 1676 642 1714 ius
673 1676 789 1714 trium
820 1677 971 1727 roganti

233 1745 437 1781 Musarum
468 1742 636 1792 pretium
666 1742 777 1781 dedit
807 1756 982 1781 mearum

231 1809 336 1846 solus
367 1807 433 1858 qui
463 1815 627 1857 poterat.
686 1807 859 1854 Valebis,
893 1820 1004 1846 uxor.

231 1887 311 1912 non
342 1874 462 1912 debet
493 1872 646 1911 domini
676 1872 800 1922 perire
831 1887 986 1911 munus.

608 1962 752 2000 XCIII

127 2031 302 2069 *Primus
334 2031 402 2069 ubi
432 2033 510 2069 est'
541 2030 671 2081 inquis
704 2036 819 2070 ‘cum
850 2032 899 2070 sit
927 2032 1025 2070 liber
1054 2033 1126 2071 iste
1155 2034 1404 2071 secundus?

179 2096 286 2145 Quid
316 2096 456 2134 faciam
487 2096 518 2134 si
547 2098 635 2146 plus
666 2096 730 2135 ille
760 2097 922 2147 pudoris
953 2098 1106 2136 habet?

127 2170 166 2199 tu
198 2169 329 2199 tamen
359 2163 465 2200 hunc
496 2161 577 2200 fieri
607 2161 638 2200 si
668 2162 802 2209 mavis,
836 2164 999 2212 Regule,
1032 2163 1213 2213 primum,

180 2240 301 2264 unum
334 2227 383 2264 de
414 2226 527 2265 titulo
558 2228 694 2266 tollere
725 2227 804 2266 iota
834 2235 958 2278 potes,

174 2330 232 2360 XC
258 2330 331 2361 hab.
357 2330 402 2368 T;
427 2341 475 2362 vv.
490 2341 576 2370 9-10
588 2331 661 2362 lzab.
677 2331 709 2362 R
822 2342 837 2370 7
864 2332 975 2372 focus]
990 2342 1090 2370 rogus
1109 2332 1157 2362 CA
1378 2331 1454 2361 XCI

131 2385 149 2411 ὅ
175 2373 365 2404 festinantis
382 2374 436 2403 ΒΑ
782 2375 878 2405 XCII
905 2387 979 2406 cum
999 2375 1076 2405 XCI
1095 2375 1185 2414 confl.
1206 2375 1262 2405 ΒΑ
1438 2386 1456 2412 4

131 2416 265 2455 pomine
286 2428 362 2447 corr.
385 2418 510 2447 domini
530 2418 578 2448 CA
596 2423 632 2449 ut
647 2419 708 2450 vicl.
728 2420 913 2458 (pominiae
930 2419 968 2457 E,
990 2419 1138 2458 pominie
1156 2419 1225 2455 BF,
1247 2419 1398 2457 pominte
1417 2417 1454 2448 G.

131 2460 300 2491 dominiae
318 2461 390 2501 AC,
411 2461 545 2491 domine
562 2460 610 2502 X)
874 2462 986 2493 XCIII
1005 2462 1077 2492 hab.
1099 2461 1131 2491 R
