1684 2763
815 136 1025 173 EPIGRA
1033 137 1074 172 M
1083 137 1123 173 M
1131 136 1284 174 ATON
1320 137 1419 174 [1113.
1454 137 1487 172 V

637 248 794 284 XXXV

155 318 260 355 Dum
292 317 364 355 sibi
396 317 520 356 redire
549 318 600 355 de
631 317 884 355 Patrensibus
913 317 1045 355 fundis

152 384 308 421 ducena
337 384 481 421 clamat
510 382 738 421 coccinatus
770 382 956 421 Euclides

154 448 448 497 Corinthioque
478 450 589 498 plura
619 449 670 487 de
700 448 929 486 suburbano

152 514 394 563 longumque
425 515 587 563 pulchra
617 521 785 552 stemma
814 513 953 564 repetit
983 527 1005 552 a
1037 514 1145 552 Leda

151 585 189 616 et
219 577 421 616 suscitanti
454 580 567 616 Leito
596 580 818 624 reluctatur,
1471 599 1486 628 5

151 643 273 693 equiti
303 644 485 693 superbo,
518 643 651 690 nobili,
683 643 869 694 locupleti

152 708 294 747 cecidit
324 717 484 759 repente
516 723 656 759 magna
686 711 736 748 de
766 709 852 747 sinu
883 709 1012 747 clavis.

153 775 393 824 Numquam,
431 775 604 821 Fabulle,
637 774 802 824 nequior
831 774 902 812 fuit
931 774 1060 813 clavis.

619 864 796 900 XXXVI

153 939 354 977 Laudatus
385 946 518 976 nostro
549 938 723 988 quidam,
756 938 953 985 Faustine,
985 938 1118 977 libello

205 1003 437 1049 dissimulat,
470 1003 581 1053 quasi
612 1003 665 1041 nil
697 1004 866 1042 debeat:
907 1003 1091 1054 inposuit.

609 1093 811 1130 XXXVII

152 1164 288 1201 Puella
317 1163 479 1201 senibus
509 1162 662 1201 dulcior
693 1162 788 1200 mihi
818 1162 960 1212 cycnis,

150 1242 251 1278 agna
282 1228 439 1266 Galaesi
470 1227 624 1266 mollior
655 1228 891 1275 Phalantini,

150 1295 304 1333 concha
335 1293 494 1331 Lucrini
522 1293 726 1332 delicatior
754 1293 892 1344 stagni,

151 1358 213 1396 cui
244 1372 316 1397 nec
346 1359 498 1408 lapillos
528 1361 721 1409 praeferas
753 1361 987 1409 Erythraeos

151 1437 224 1462 nec
254 1425 376 1462 modo
406 1424 573 1474 politum
604 1424 768 1474 pecudis
802 1424 963 1463 Indicae
993 1425 1155 1462 dentem

151 1489 339 1540 nivesque
370 1489 512 1539 primas
542 1490 748 1540 liliumque
777 1504 857 1528 non
888 1498 1064 1536 tactum,

151 1568 252 1604 quae
282 1554 388 1593 crine
418 1555 508 1593 vicit
540 1555 689 1593 Baetici
718 1555 842 1605 gregis
872 1557 995 1593 vellus

154 1620 364 1670 Rhenique
396 1622 523 1659 nodos
552 1634 792 1670 aureamque
822 1620 1022 1668 mitellam,

151 1686 329 1736 fragravit
359 1699 425 1724 ore
455 1687 564 1736 quod
595 1686 783 1724 rosarium
816 1686 956 1732 Paesti,

151 1753 259 1801 quod
290 1751 508 1790 Atticarum
539 1751 664 1801 prima
693 1753 809 1790 mella
838 1765 1025 1797 cerarum,
1450 1766 1487 1787 10

151 1818 259 1866 quod
290 1816 515 1855 sucinorum
546 1825 655 1867 rapta
685 1819 735 1856 de
766 1831 885 1855 manu
914 1817 1054 1867 gleba;

150 1881 213 1919 cui
243 1890 478 1932 conparatus
508 1882 696 1920 indecens
726 1890 806 1921 erat
836 1896 947 1932 pavo,

150 1946 371 1985 inamabilis
401 1947 550 1985 sciurus
580 1955 617 1986 et
646 1949 829 1997 frequens
859 1947 1041 1998 phoenix,

149 2013 280 2050 adhuc
310 2012 456 2050 recenti
486 2020 591 2062 tepet
623 2013 786 2051 Erotion
816 2013 945 2060 busto,

150 2091 269 2126 quam
299 2078 559 2127 pessimorum
590 2080 650 2116 lex
678 2092 811 2116 amara
840 2080 1008 2116 fatorum
1449 2093 1484 2124 15

149 2150 257 2180 sexta
288 2142 434 2192 peregit
464 2142 606 2189 hieme,
639 2157 712 2181 nec
742 2151 874 2181 tamen
905 2151 997 2189 tota,

196 2246 331 2276 XXXV
360 2257 370 2276 1
400 2246 489 2277 Patr.
507 2246 579 2277 Ital.
595 2258 600 2277 :
628 2247 865 2285 parmensibus
877 2247 966 2278 codd.
1049 2256 1068 2285 5
1094 2251 1127 2277 et
1145 2247 1306 2277 suscitant
1324 2246 1351 2276 si
1366 2245 1396 2276 ei
1411 2250 1484 2275 tore

152 2289 297 2319 luctatur
312 2290 365 2319 ΒΑ
455 2291 476 2319 6
500 2290 621 2329 equitis
638 2291 720 2320 urbo
736 2291 789 2320 ΒΑ
1026 2291 1195 2320 XXXVII
1222 2301 1270 2320 vv.
1297 2300 1365 2328 1-7,
1384 2300 1481 2328 9-14.

151 2332 224 2363 lzal).
248 2333 276 2362 T
371 2344 389 2372 4
416 2333 613 2372 praeferens
631 2334 684 2363 BA
704 2340 784 2374 (pro
802 2344 871 2364 —res
883 2335 907 2366 Ἠ
1009 2344 1028 2372 5
1054 2334 1257 2364 indicentem
1282 2333 1323 2364 T:
1350 2333 1483 2362 indicae

151 2381 289 2415 gentem
308 2376 355 2406 CA
473 2387 489 2416 7
515 2377 654 2407 crimine
678 2378 720 2408 T:
748 2378 845 2417 nigre
865 2377 913 2408 CA
981 2378 1090 2408 vellus
1107 2389 1174 2408 om.
1199 2377 1227 2407 T
1300 2378 1320 2407 8
1345 2377 1482 2406 nitelam

150 2419 239 2449 codd.
376 2430 412 2450 12
438 2431 524 2459 pauo
541 2421 600 2450 ΑΑ
620 2426 694 2461 <5¹¹0
717 2421 762 2459 T)
782 2422 854 2453 BA:
880 2431 990 2460 pauus
1009 2421 1056 2451 CA
1205 2430 1242 2459 13
1267 2421 1393 2459 chyrus
1410 2420 1482 2449 BA:

152 2472 271 2502 scyrus
290 2463 338 2493 CA
476 2465 514 2493 16
539 2464 683 2494 hiemem
703 2475 740 2495 ec
760 2465 808 2495 CA
