1684 2763
191 164 246 200 M.
279 163 400 200 VAL.
434 163 748 201 MARTIALIS

639 277 860 313 LXXXIII

301 357 461 396 Derisor
490 356 688 396 Fabianus
717 357 952 404 hirnearum,

300 435 437 461 omnes
468 435 586 472 quem
616 423 738 460 modo
768 421 868 460 colei
897 421 1090 459 timebant

300 487 497 526 dicentem
527 486 698 525 tumidas
727 486 766 524 in
796 488 1026 536 hydrocelas

301 560 491 602 quantum
521 565 595 590 nec
625 553 705 589 duo
734 551 910 589 dicerent
939 551 1095 597 Catulli,

302 618 340 654 in
371 616 532 655 thermis
562 616 694 653 subito
725 615 962 653 Neronianis

302 681 397 720 vidit
427 695 468 719 se
499 680 614 718 miser
643 688 681 718 et
711 687 840 718 tacere
870 679 1010 730 coepit.

646 785 861 822 LXXXIV

198 868 423 913 Nolueram,
456 865 659 915 Polydme,
692 873 780 903 tuos
809 865 953 903 violare
982 864 1154 915 capillos,

251 933 319 970 sed
349 931 455 968 iuvat
483 932 560 968 hoc
588 930 770 980 precibus
801 944 863 969 me
893 929 1074 968 tribuisse
1103 930 1190 967 tuis.

199 996 283 1034 talis
314 1010 407 1043 eras,
440 997 562 1035 modo
593 1004 705 1034 tonse
736 998 889 1046 Pelops,
922 995 1138 1045 positisque
1167 995 1319 1033 nitebas

253 1060 425 1098 crinibus
455 1067 497 1098 ut
527 1068 653 1098 totum
684 1073 830 1110 sponsa
858 1059 1007 1098 videret
1037 1059 1143 1097 ebur.

665 1165 854 1201 LXXXV

309 1246 575 1285 Pediconibus
605 1260 648 1284 os
678 1248 781 1284 olere
811 1246 919 1284 dicis.

309 1313 384 1349 hoc
414 1311 455 1358 si,
487 1310 586 1348 sicut
615 1310 681 1357 ais,
715 1311 887 1357 Fabulle,
919 1324 1053 1348 verum
1084 1318 1151 1357 est,

310 1376 404 1426 quid
435 1384 474 1413 tu
506 1375 632 1413 credis
662 1377 766 1413 olere
796 1375 1064 1425 cunnilingis?

659 1492 871 1528 LXXXVI

204 1573 379 1623 'l'riginta
409 1572 479 1610 tibi
509 1580 599 1610 sunt
628 1572 737 1622 pueri
766 1572 1012 1622 totidemque
1041 1574 1218 1622 puellae:

259 1652 336 1676 una
366 1645 424 1676 est
453 1651 526 1676 nec
556 1637 675 1687 surgit
705 1639 890 1676 mentula.
951 1637 1059 1686 Quid
1089 1637 1236 1676 facies?

641 1737 876 1773 LXXXVII

210 1817 275 1855 Bis
307 1818 425 1856 Cotta
453 1818 578 1854 soleas
608 1816 825 1866 perdidisse
855 1829 896 1853 se
926 1823 1099 1864 questus,

209 1884 304 1920 dum
335 1883 606 1931 neglegentem
636 1880 745 1918 ducit
774 1881 824 1918 ad
854 1882 975 1929 pedes
1005 1894 1175 1927 vernam,

209 1947 275 1997 qui
305 1948 410 1984 solus
440 1945 547 1995 inopi
577 1953 745 1995 praestat
775 1953 811 1983 et
841 1944 932 1982 facit
962 1945 1129 1992 turbam,

209 2011 617 2061 excogitavit—homo
647 2024 762 2059 sagax
791 2018 828 2048 et
857 2018 1061 2047 astutus-—

209 2091 259 2115 ne
288 2078 414 2114 facere
444 2082 576 2125 posset
605 2076 680 2113 tale
710 2074 864 2124 saepius
893 2075 1108 2112 damnum:

211 2143 454 2180 excalceatus
483 2140 536 2178 ire
566 2139 695 2189 coepit
724 2140 774 2177 ad
804 2153 954 2177 cenam.

257 2244 441 2274 LXXXIII
468 2254 486 2273 2
511 2254 610 2274 omne
630 2243 678 2273 CA
776 2243 848 2272 cole
867 2243 915 2273 CA
1056 2252 1076 2281 3
1100 2242 1317 2282 thyprocelas
1337 2243 1386 2274 CA

212 2288 364 2320 dicerent
380 2288 446 2317 duo
464 2287 519 2316 ΒΑ
649 2288 670 2316 6
693 2297 722 2316 v.
745 2291 776 2316 te
795 2287 917 2316 misere
934 2291 967 2316 et
986 2285 1034 2316 CA

261 2331 440 2361 LXXXIV
464 2341 483 2360 2
507 2330 597 2360 iubat
617 2330 665 2360 CA
684 2331 752 2369 (lic.
774 2330 879 2369 iuvat)
1026 2339 1045 2368 3
1070 2334 1142 2359 erat
1161 2329 1211 2360 CA

258 2374 421 2404 LXXXV
445 2384 463 2403 2
488 2373 602 2404 tibulle
620 2373 672 2402 ΒΑ
686 2375 768 2412 (om.
786 2373 860 2412 PQ)
878 2384 885 2403 t
909 2372 1030 2402 sabulle
1050 2372 1098 2403 CA

259 2417 456 2448 LXXXVII
481 2427 500 2456 3
526 2417 641 2446 urbam
658 2416 713 2446 BA
845 2427 863 2454 4
887 2416 1008 2456 sagax]
1026 2420 1144 2446 suatax
1164 2415 1213 2446 CA
