1684 2763
215 149 270 185 M.
303 149 424 185 VAL.
459 149 771 187 MARTIALIS

323 260 507 306 Hermes,
539 273 656 309 quern
687 259 797 298 timet
828 259 970 298 Helius
1000 262 1069 299 sed
1100 275 1234 308 unuln,
1520 279 1536 307 5

323 324 504 371 Hermes,
536 323 598 362 cui
628 324 732 371 cadit
761 326 963 363 Advolans
993 327 1062 364 sed
1092 326 1171 373 uni,

323 391 494 427 Hermes
524 389 679 427 vincere
709 403 782 428 nec
812 390 923 428 ferire
952 391 1105 437 doctus,

324 455 494 491 Hermes
524 453 801 503 subpositicius
831 454 904 492 sibi
933 454 1027 504 ipse,

324 521 494 557 Hermes
524 518 682 557 divitiae
711 519 956 566 locariorum,

324 585 494 621 Hermes
524 597 615 621 cura
644 584 833 633 laborque
862 584 1070 631 ludiaruni,
1500 601 1538 622 10

324 650 494 687 Hermes
523 649 707 698 belligera
737 649 928 698 superbus
958 650 1080 696 hasta,

324 715 494 751 Hermes
522 727 720 763 aequoreo
750 713 881 751 minax
910 714 1089 760 tridente,

324 780 494 816 Hermes
524 778 676 816 casside
706 779 890 828 languida
920 779 1130 826 timendus,

324 845 493 881 Hermes
522 843 642 893 gloria
673 843 811 882 Martis
840 843 1019 890 universi,

324 910 494 946 Hermes
524 908 656 946 onmia
685 910 790 946 solus
821 916 858 946 et
888 916 945 947 ter
974 922 1085 947 unus.
1502 926 1537 955 ¹5

716 1008 831 1044 XXV

220 1077 543 1126 ‘Quadringenta
573 1076 642 1114 tibi
673 1090 753 1114 non
783 1085 884 1122 sunt,
917 1078 1214 1116 Chaerestrate:
1254 1090 1377 1126 surge,

272 1144 406 1180 Leitus
436 1155 528 1179 ecce
557 1141 691 1179 venit:
732 1149 800 1188 sta,
832 1143 932 1191 fuge,
965 1155 1085 1188 curre,
1117 1143 1218 1180 late.²

220 1206 376 1256 Ecquis,
408 1206 456 1252 io,
488 1214 643 1244 revocat
672 1206 1023 1255 discedentemque
1052 1206 1235 1244 reducit?

272 1271 416 1320 ecquis,
449 1271 497 1317 io,
530 1272 651 1320 largas
682 1270 819 1320 pandit
847 1270 997 1309 amicus
1028 1272 1152 1320 opes?

219 1350 335 1385 quem
366 1335 508 1373 chartis
538 1337 743 1384 famaeque
772 1337 912 1373 damus
942 1335 1176 1385 populisque
1205 1337 1479 1385 loquendum?
1523 1353 1539 1380 5

273 1400 359 1450 quis
390 1400 542 1449 Stygios
572 1413 651 1437 non
681 1401 761 1437 volt
792 1408 896 1437 totus
925 1399 1033 1438 adire
1063 1401 1202 1438 lacus?

220 1468 307 1512 lioc,
339 1479 443 1515 rogo,
476 1479 554 1502 non
586 1464 725 1502 melius
755 1478 873 1514 quarn
905 1465 1022 1503 rubro
1052 1465 1203 1514 pulpita
1231 1464 1369 1503 nimbo

273 1544 450 1580 spargere
480 1538 517 1567 et
547 1531 670 1567 effuso
700 1529 967 1579 permaduisse
996 1531 1143 1567 croco?

221 1609 337 1644 quam
369 1608 448 1632 non
480 1607 642 1632 sensuro
671 1595 764 1632 dare
794 1594 1079 1644 quadringenta
1107 1595 1271 1644 caballo,

273 1673 412 1697 aureus
443 1667 483 1696 ut
514 1658 649 1708 Scorpi
680 1672 797 1696 nasus
827 1659 974 1708 ubique
1004 1658 1157 1697 micet?
1505 1675 1544 1696 10

222 1726 257 1761 ()
288 1725 425 1761 frustra
454 1724 640 1772 locuples,
671 1736 694 1760 o
724 1723 988 1761 dissimulator
1015 1723 1142 1770 amici,

276 1790 372 1826 haec
402 1787 495 1836 legis
525 1796 562 1824 et
593 1788 757 1825 laudas?
806 1790 919 1836 Quae
949 1787 1019 1825 tibi
1048 1789 1151 1825 fama
1180 1787 1304 1837 perit!

703 1886 840 1922 XXVI

224 1957 344 2005 Quod
374 1956 489 2005 alpha
520 1954 608 2001 dixi,
642 1955 784 2001 Corde,
816 1957 1113 2004 paenulatorum

223 2031 260 2059 te
290 2034 424 2069 nuper,
456 2019 586 2068 aliqua
615 2033 704 2057 cum
735 2019 881 2057 iocarer
910 2019 949 2057 in
979 2021 1121 2067 charta,

224 2086 252 2122 si
285 2086 381 2122 forte
411 2084 528 2122 bilem
561 2084 680 2121 movit
710 2084 773 2122 hic
804 2083 873 2122 tibi
903 2098 1046 2131 versuS‚

224 2150 330 2187 dicas
360 2149 492 2186 licebit
522 2149 613 2186 beta
642 2163 705 2186 nie
735 2156 965 2199 togatorum.

268 2275 384 2304 XXIV
408 2275 427 2303 8
452 2275 514 2312 ipsi
532 2274 604 2305 BA:
630 2274 701 2313 ipse
720 2274 779 2303 (Ἄ.
872 2283 910 2303 12
933 2283 1101 2312 aequorea
1120 2273 1168 2303 CA

268 2318 367 2348 XXV
391 2328 409 2347 2
437 2318 537 2347 Letus
554 2318 606 2346 BA
696 2317 764 2357 sta]
782 2320 829 2348 st!
848 2317 1068 2347 Schneidewin
1186 2317 1207 2346 6
1230 2317 1284 2355 qui
1301 2316 1376 2347 BA:
1402 2317 1476 2355 quis
1495 2318 1542 2347 CA

228 2373 239 2392 1
251 2372 261 2391 ι
290 2362 386 2391 amici
400 2361 474 2391 BA:
500 2362 605 2391 amice
624 2361 670 2389 (’Α

269 2405 382 2435 XXVI
409 2404 480 2435 lmb.
507 2404 536 2434 T
619 2415 637 2433 2
664 2404 791 2434 locarcr
809 2409 844 2433 ut
858 2403 920 2434 vid.
943 2403 991 2433 CA
1094 2414 1113 2441 4
1137 2403 1233 2433 beata
1256 2402 1297 2434 T:
1324 2403 1433 2433 betam
1453 2402 1499 2433 CA
