1684 2763
220 150 276 186 M.
308 149 428 185 VAL.
464 148 776 186 MARTIALIS

218 258 454 308 collegitque
482 257 570 296 sinu
599 259 815 308 fragmenta
844 257 1055 296 novissima
1084 257 1158 296 laxi

272 323 349 362 oris
378 331 416 362 et
444 325 605 374 adgesta
632 323 917 362 contumulavit
945 325 1078 361 humo.

221 390 322 429 Ossa
350 388 441 427 licet
470 390 673 439 quondam
703 388 878 427 defuncti
908 402 989 427 non
1018 389 1120 437 legat
1149 388 1284 426 heres:
1531 402 1548 435 5

275 455 351 492 hoc
380 453 453 492 sibi
483 453 559 492 iam
591 453 731 492 Picens
761 453 951 503 praestitit
980 452 1162 492 officium.

708 558 850 594 LVIII

223 630 325 668 Cum
356 627 426 665 tibi
455 634 535 665 tam
566 639 717 664 crassae
747 626 834 673 sint,
866 625 1126 672 Artemidore,
1159 627 1345 669 lacernae,

277 692 424 743 possim
454 699 492 730 te
522 691 695 741 Sagarim
725 691 807 729 iure
835 703 976 729 vocare
1006 703 1106 728 meo.

733 791 829 827 LIX

224 860 378 911 Aspicis
408 862 513 898 hunc
544 873 623 898 uno
653 867 885 898 contentum
915 858 1075 903 lumine,
1107 858 1216 897 cuius

278 926 383 976 lippa
412 926 485 963 sul)
514 924 655 963 adtrita
685 926 812 963 fronte
842 926 982 962 lacuna
1012 925 1150 974 patet?

224 1005 273 1030 ne
303 998 514 1029 contemne
543 997 671 1039 caput,
705 990 800 1027 nihil
830 996 888 1027 est
917 989 1085 1027 furacius
1115 989 1206 1035 illo;

279 1068 360 1093 non
389 1054 460 1092 suit
490 1053 671 1102 Autolyci
703 1061 781 1091 tam
812 1053 986 1103 piperata
1017 1066 1165 1090 manus

227 1123 334 1158 hunc
363 1127 405 1157 tu
435 1118 640 1157 convivam
671 1126 808 1156 cautus
838 1131 988 1156 servare
1018 1125 1241 1155 memento:
1536 1131 1552 1162 5

280 1193 374 1223 tunc
403 1184 493 1222 furit
520 1192 639 1233 atque
668 1185 785 1221 oculo
814 1184 944 1221 luscus
975 1190 1141 1232 utroque
1170 1182 1301 1220 videt:

227 1251 368 1300 pocula
397 1248 551 1287 solliciti
581 1249 750 1298 perdunt
780 1247 995 1297 ligulasque
1025 1246 1189 1284 ministri

281 1322 318 1353 et
348 1315 441 1352 latet
470 1314 509 1351 in
540 1313 675 1362 tepido
705 1312 872 1361 plurima
902 1325 1045 1361 mappa
1074 1311 1180 1357 sinu:

228 1382 334 1430 lapsa
365 1393 438 1417 nec
466 1392 489 1416 a
519 1377 654 1416 cubito
684 1378 905 1415 subducere
935 1376 1051 1426 pallia
1080 1376 1203 1415 nescit

282 1453 319 1484 et
349 1452 474 1483 tectus
504 1443 625 1481 laenis
655 1456 772 1492 saepe
801 1442 956 1480 duabus
985 1441 1091 1487 abit;
1521 1455 1558 1478 10

230 1523 302 1548 nec
332 1509 610 1548 dormitantem
641 1521 800 1545 vernam
831 1508 1009 1544 fraudare
1039 1507 1196 1545 lucerna

283 1571 437 1610 erubuit
467 1572 591 1615 fallax,
623 1571 757 1607 ardeat
787 1569 850 1606 illa
880 1568 979 1606 licet.

230 1637 260 1675 si
291 1636 387 1674 nihil
418 1634 568 1680 invasit,
601 1648 765 1684 puerum
796 1641 889 1671 tunc
918 1641 999 1671 arte
1028 1634 1167 1671 dolosa

285 1700 421 1740 circuit
451 1708 487 1738 et
517 1701 643 1738 soleas
673 1698 837 1748 subripit
867 1698 949 1748 ipse
979 1711 1078 1736 suas.

756 1801 826 1836 LX

234 1876 397 1912 Summa
428 1870 591 1909 Palatini
622 1878 774 1919 poteras
805 1881 972 1918 aequare
1003 1867 1168 1913 Colossi,

288 1937 318 1975 si
349 1938 458 1975 fieres
490 1935 653 1980 brevior,
686 1933 864 1980 Claudia,
896 1932 1141 1982 sesquipede.

745 2033 839 2070 LXI

239 2106 349 2144 Livet
379 2104 585 2150 Charinus,
617 2102 818 2151 rumpitur,
850 2100 950 2147 furit,
982 2102 1107 2151 plorat

236 2178 273 2208 et
303 2169 453 2219 quaerit
480 2171 579 2207 altos
609 2169 715 2206 unde
744 2168 915 2217 pendeat
944 2179 1096 2204 ramos:

282 2273 372 2304 LVII
398 2282 417 2310 3
443 2272 549 2302 sinum
569 2270 618 2301 CA
727 2279 746 2308 5
773 2271 862 2308 legat
879 2280 943 2299 om.
964 2268 1017 2299 BA
1034 2268 1116 2308 (non
1135 2267 1199 2306 QsN
1408 2265 1518 2296 LVIII
1545 2275 1563 2294 2

239 2327 375 2357 possum
392 2315 469 2345 BA:
494 2315 618 2353 possim
638 2313 687 2343 CA
747 2324 855 2343 meum
873 2313 946 2342 Ital.
1084 2311 1164 2341 LIX
1187 2310 1259 2341 1ιαῖ).
1285 2310 1314 2340 Τ
1389 2319 1409 2347 3
1433 2319 1495 2339 nec
1514 2308 1563 2339 CA

239 2373 257 2399 4
282 2359 409 2391 consuit
426 2358 480 2388 BA
569 2359 698 2396 piceata
718 2356 785 2386 DN
801 2367 889 2393 tcum
913 2355 1004 2385 Ital&
1125 2355 1145 2383 8
1162 2354 1211 2387 etl
1230 2364 1249 2384 a
1272 2353 1300 2384 T
1385 2352 1517 2391 trepido
1540 2351 1568 2382 T

243 2414 277 2434 11
298 2404 468 2434 lucernam
487 2399 536 2431 CA
628 2410 665 2429 12
690 2401 791 2430 ardea
809 2399 859 2429 CA
943 2409 980 2437 14
1005 2398 1155 2428 circumit
1173 2396 1223 2427 CA
1356 2395 1417 2426 LX
1440 2395 1512 2426 hab·
1532 2394 1565 2424 R

241 2458 259 2478 2
283 2446 521 2486 sesquipedem
541 2448 668 2484 &sexqq
687 2442 741 2472 ΒΑ
