1684 2763
446 335 511 383 M.
563 334 721 383 VAL.
773 332 1184 381 MARTIALIS

511 467 1117 517 EPIGRAMMATON

641 600 833 654 [LIBER
871 599 987 653 XIV]

600 722 812 761 APOPH
812 721 932 760 ORE
940 721 1010 758 ΤΑ
1016 751 1023 757 .

796 822 827 858 Ι.

150 924 435 959 SYNTHESIBVS
465 920 562 958 dum
591 920 737 970 gaudet
766 933 886 969 eques
917 917 1183 968 dominusque
1215 924 1372 956 senator

201 987 378 1035 dumque
408 987 551 1024 decent
580 993 758 1023 nostrum
788 985 905 1035 pillea
933 992 1091 1034 sumpta
1122 985 1286 1030 Iovem3

149 1064 221 1089 nec
251 1051 362 1088 timet
390 1050 558 1088 aedilem
589 1058 699 1088 moto
727 1058 903 1099 spectare
932 1049 1074 1096 fritillo,

201 1129 293 1154 cum
322 1116 452 1154 videat
480 1115 631 1165 gelidos
660 1123 740 1152 tam
769 1127 891 1164 prope
920 1128 1038 1152 verna
1068 1115 1200 1151 lacus:

149 1180 279 1218 divitis
307 1182 475 1219 alternas
505 1188 543 1218 et
572 1180 754 1231 pauperis
784 1180 919 1230 accipe
949 1186 1096 1217 sortes:
1464 1194 1481 1224 5

203 1245 375 1295 praemia
405 1245 594 1284 convivae
623 1247 718 1284 dent
749 1259 819 1283 sua
848 1244 1014 1294 quisque
1044 1256 1127 1281 suo.

152 1312 275 1349 ‘Sunt
303 1310 445 1360 apinae
474 1310 672 1360 tricaeque
702 1319 740 1349 et
770 1309 801 1348 si
831 1309 927 1359 quid
956 1309 1069 1346 vilius
1099 1308 1206 1346 ἰδῇς]

204 1376 304 1425 Quis
333 1376 489 1414 nescit?
527 1377 587 1414 vel
617 1375 704 1426 quis
734 1384 813 1413 tam
843 1374 1051 1412 manifesta
1084 1376 1230 1424 negat?

150 1443 219 1480 sed
249 1441 345 1491 quid
375 1455 486 1492 agam
518 1441 648 1492 potius
678 1440 860 1488 madidis,
892 1442 1070 1487 Saturne,
1101 1439 1252 1484 diebus,

185 1520 305 1559 unos
334 1506 405 1544 tibi
434 1520 504 1556 pro
534 1508 644 1544 caelo
674 1506 775 1544 filius
805 1506 888 1556 ipse
918 1505 1057 1543 dedit?
1447 1518 1483 1539 ιο

151 1572 206 1609 vis
236 1571 403 1610 scribam
434 1572 594 1610 Thebas
623 1571 833 1610 Troiamve
864 1572 1034 1608 malasve
1066 1571 1287 1619 Mycenas?

207 1635 367 1680 ‘Lude‚²
396 1633 538 1683 inquis,
574 1633 809 1672 ‘nucibus'z
848 1634 1013 1683 perdere
1044 1633 1137 1671 nolo
1168 1645 1302 1670 nuces*

674 1719 728 1756 ΙΙ.

152 1788 244 1833 Quo
274 1783 330 1821 vis
360 1797 531 1834 cumque
561 1785 650 1822 loco
680 1792 793 1834 potes
823 1784 929 1822 hunc
960 1782 1069 1821 finire
1104 1782 1307 1820 libellum:
1334 1808 1343 1817 .

204 1848 379 1887 versibus
409 1848 674 1898 explicitumst
704 1862 823 1887 omne
853 1849 1010 1887 duobus
1031 1861 1141 1897 opus.

152 1916 337 1952 lemmata
365 1913 396 1951 si
426 1913 578 1963 quaeris
609 1927 677 1952 cur
705 1913 782 1952 sint
810 1914 1017 1964 adscripta,
1049 1913 1231 1951 docebo:

205 1985 257 2023 ut,
290 1977 321 2015 si
351 1977 545 2025 malueris,
574 1979 761 2016 lemmata
789 1980 872 2016 sola
899 1979 1016 2028 legas,

197 2081 210 2111 1
236 2081 308 2111 lzab.
329 2080 359 2110 T
403 2091 415 2110 1
434 2086 571 2112 senator
582 2081 660 2111 ΑΑτ
685 2086 826 2112 senatus
836 2080 944 2111 ΒΑΕΑ
1031 2091 1051 2119 4
1076 2080 1168 2110 uiddt
1185 2077 1481 2119 T(vixproludats

153 2130 219 2155 tam
231 2124 345 2154 AABA
362 2135 369 2154 ε
394 2125 457 2154 iarn
472 2124 518 2155 CA
533 2125 633 2165 (Ipro
644 2125 686 2164 T)
779 2134 797 2163 5
822 2129 979 2155 aeternas
991 2123 1047 2154 BA
1096 2132 1266 2163 pauperes
1275 2121 1330 2151 BA
1344 2121 1408 2160 (tle.
1423 2121 1481 2158 ds)

152 2169 173 2198 6
196 2168 277 2198 dent
296 2167 378 2197 AA:
411 2169 467 2198 det
484 2167 593 2198 BACA
728 2178 744 2207 7
768 2168 869 2198 ullius
887 2168 942 2197 BA
1030 2167 1085 2198 isti
1108 2167 1138 2197 T
1263 2166 1284 2195 8
1307 2164 1485 2194 manifesta

155 2216 256 2249 negat
274 2210 386 2241 AACA
402 2222 408 2241 :
431 2211 629 2243 manifestus
643 2217 719 2250 agat
737 2212 791 2241 BA
897 2222 918 2250 9
942 2211 1086 2241 madidis
1100 2209 1212 2240 AACA
1229 2220 1236 2239 ε
1260 2209 1413 2239 madidus
1430 2207 1484 2236 ΒΑ

157 2265 191 2285 11
219 2254 385 2284 troiamue
400 2254 550 2285 malasue
566 2255 625 2286 ΑΑ
642 2267 649 2286 :
682 2255 847 2285 troiamue
869 2254 1042 2293 malasque
1059 2254 1135 2284 BA:
1170 2253 1361 2291 troiamque
1383 2250 1483 2280 mala-

154 2308 220 2337 que
238 2297 287 2328 CA
307 2300 387 2337 (pro
404 2298 552 2339 dasque)
740 2298 771 2329 11
796 2298 866 2329 hab.
894 2298 927 2329 T.
981 2297 1066 2328 Cum
1086 2302 1190 2337 praec.
1208 2295 1299 2334 confl.
1319 2296 1352 2324 in
1372 2293 1459 2324 codd.
1477 2304 1485 2323 ε

154 2352 232 2379 cog-r.
251 2340 431 2371 Scriverius
558 2351 572 2371 1
593 2340 668 2380 Quo
681 2342 730 2372 vir
747 2353 772 2373 c.
794 2342 885 2373 iocos
902 2346 1000 2381 putes
1018 2341 1066 2371 CA
1198 2350 1218 2368 2
1243 2338 1439 2378 explicitum
1456 2337 1485 2366 δί

157 2385 235 2425 (pro
253 2386 371 2425 -umst)
391 2385 546 2415 omnibus
563 2385 694 2416 duobus
710 2385 764 2415 BA
876 2395 939 2424 3—4
964 2395 1037 2415 nov.
1060 2384 1158 2424 epigr.
1177 2382 1225 2413 CA

199 2448 306 2469 MART.
326 2448 378 2469 ει).
1355 2435 1397 2464 26
