1684 2763
735 160 1197 197 EPIGRAMMA'I'ON
1234 162 1333 197 Llss.
1368 162 1445 198 VII

649 272 806 308 XLVII

129 341 341 377 Doctorum
376 339 499 377 Licini
531 340 783 379 celeberrime
818 342 912 379 Sura
945 340 1125 387 virorum,

175 404 284 442 cuius
314 404 439 454 prisca
466 404 590 455 gravis
621 405 751 454 lingua
781 405 931 443 reduxit
961 420 1066 453 ax'OS,

122 469 438 516 redderis—beu,
472 478 620 519 quanto
650 472 816 508 fatorum
849 484 1009 509 munere
1030 471 1208 508 l--nobis

176 542 327 583 gustata
359 536 502 573 Lethes
532 549 657 585 paene
690 536 872 574 remissus
906 550 1018 585 aqua.

123 599 372 648 perdiderant
402 600 478 638 iam
509 608 599 639 vota
629 609 775 639 metum
807 615 1022 650 securaque
1052 602 1169 639 flebat
1436 616 1452 645 5

179 669 191 702 Ἰ
205 664 355 703 tristitia
385 673 422 703 et
452 665 619 703 lacrimis
649 666 808 716 iamque
838 675 1017 715 peractus
1047 671 1178 705 eras³r2

127 744 204 768 non
237 730 322 768 tulit
353 731 538 769 invidiam
570 731 675 769 taciti
706 740 885 780 regnator
916 731 1058 769 Averni

178 803 215 833 et
246 803 373 845 raptas
404 796 507 834 Fatis
536 796 707 834 reddidit
736 796 818 846 ipse
847 798 968 834 colus.

126 859 208 897 scis
238 859 351 909 igitur
380 869 546 910 quantas
575 861 781 903 hominum
813 874 916 910 mors
946 861 1040 898 falsa
1070 862 1247 909 querelas

180 914 343 977 moyerit
372 934 409 963 et
436 916 572 979 frueris
602 925 828 975 posteritate
857 934 933 963 tua.
1418 938 1457 961 10

128 990 211 1028 vive
244 992 346 1031 velut
376 998 485 1039 rapto
516 991 754 1040 fugitivaque
783 990 926 1040 gaudia
955 1004 1095 1039 carpe:

182 1054 391 1104 perdiderit
415 1049 571 1093 ¹nullum
604 1055 681 1093 vita
711 1069 862 1094 reversa
892 1055 1008 1093 diem.

644 1133 826 1170 XLVIII

235 1203 337 1241 Cum
369 1216 522 1241 mensas
553 1203 695 1241 habeat
725 1204 803 1241 fere
833 1210 1036 1248 trecentas

235 1280 305 1316 pro
336 1267 480 1305 mensis
511 1268 630 1306 habet
659 1267 814 1306 Annius
846 1267 1066 1305 ministros:

237 1340 501 1370 transcurrunt
530 1333 694 1383 gabatae
724 1334 937 1382 volantque
968 1333 1110 1370 lances.

239 1399 324 1435 Has
354 1397 465 1435 vobis
496 1399 630 1447 epulas
661 1398 815 1444 habete,
847 1397 967 1435 lauti:

237 1475 308 1500 nos
338 1462 575 1500 offendimur
602 1463 830 1500 ambulante
860 1475 968 1500 cena.
1443 1476 1458 1506 5

667 1534 803 1570 XLIX

133 1607 252 1641 Parva
282 1603 496 1641 suburbani
527 1604 761 1641 munuscula
791 1601 981 1640 mittimus
1012 1601 1136 1640 horti:

184 1668 362 1706 faucibus
392 1681 465 1706 ova
495 1667 579 1714 tuis,
612 1681 745 1718 poma,
774 1668 929 1714 Severe,
956 1668 1080 1716 gulae.

721 1745 753 1781 L

135 1818 237 1853 Fons
267 1815 462 1861 dominae,
495 1814 627 1864 regina
656 1813 731 1852 loci
760 1827 840 1863 quo
869 1814 1013 1863 gaudet
1044 1812 1209 1859 Ianthis,

185 1879 306 1930 gloria
335 1876 572 1929 conspicuae
601 1879 867 1929 deliciumque
897 1880 1053 1925 domus,

133 1959 223 1983 cum
253 1952 319 1982 tua
348 1952 406 1982 tot
435 1944 557 1983 niveis
587 1952 745 1982 ornetur
775 1944 857 1994 ripa
886 1943 1071 1981 ministris

188 2017 224 2048 et
255 2010 515 2059 Ganymedeo
545 2011 672 2047 luceat
702 2010 809 2047 unda
838 2010 986 2047 choro:

180 2112 307 2143 XLVII
337 2123 350 2142 1
377 2123 508 2144 summe
526 2124 556 2144 u.
578 2113 625 2143 CA
817 2122 836 2150 3
861 2112 1048 2142 reddideris
1074 2112 1121 2142 CA
1234 2109 1379 2140 futurum
1408 2108 1462 2138 B*

137 2166 276 2186 munera
293 2156 341 2186 CA
461 2167 479 2194 4
504 2167 623 2196 aquam
643 2155 691 2186 CA
817 2158 837 2185 6
854 2156 962 2186 tristia
980 2155 1042 2194 PQ
1131 2159 1163 2184 et
1181 2154 1201 2184 l
1209 2154 1220 2194 ]
1240 2164 1259 2183 a
1278 2154 1296 2184 l.
1317 2153 1462 2183 Munm:

136 2200 337 2230 illacrimans
354 2199 470 2229 thbert
520 2200 604 2239 J01t.
617 2201 680 2230 iarn
695 2204 869 2239 reparatus
958 2200 978 2229 8
1002 2204 1116 2238 ruptas
1132 2198 1261 2228 Gronov
1257 2207 1315 2227 uus
1370 2196 1462 2226 solus

139 2243 187 2272 CA
324 2253 362 2272 10
387 2243 533 2273 mouitur
557 2243 605 2273 CA
623 2246 660 2273 ut
682 2243 744 2273 vid.
773 2243 930 2272 mouitur
953 2242 993 2278 E,
1016 2242 1151 2272 molitur
1178 2241 1224 2278 X,
1248 2240 1388 2270 moritur
1412 2239 1463 2275 4)

140 2296 173 2315 11
204 2290 319 2324 raptor
336 2286 414 2315 BA·
407 2310 414 2317 .
438 2296 497 2326 rap
501 2291 534 2317 to
557 2287 605 2317 CA
856 2286 1002 2315 XLVIII
1031 2296 1043 2315 1
1068 2290 1240 2315 trecentes
1266 2287 1301 2313 ut
1324 2282 1385 2313 zzd.
1409 2281 1463 2311 BA

137 2341 154 2366 4
181 2334 298 2359 cauete
314 2329 368 2358 ΒΑ
587 2329 702 2360 XLIX
730 2340 743 2359 1
771 2329 883 2359 Pauca
899 2329 975 2359 BA:
1002 2329 1108 2359 Parua
1127 2328 1174 2358 CA
1394 2325 1418 2355 L
1447 2334 1458 2353 Ι

137 2373 227 2411 loqui
245 2383 275 2411 g.
297 2373 377 2411 (om.
390 2373 472 2411 quo)
490 2373 543 2402 BA
750 2383 769 2412 3
794 2376 933 2403 ornetur
950 2372 1021 2412 ripa
1034 2383 1072 2402 ex
1089 2375 1255 2402 ornentur
1269 2370 1331 2409 ripi
1347 2372 1383 2399 ut
1398 2368 1461 2399 md.

140 2415 188 2444 CA
320 2426 339 2454 4
363 2416 453 2446 unde
472 2416 519 2447 CA
538 2417 617 2456 (non
634 2416 683 2457 A)

1319 2455 1377 2485 13*
