1684 2763
206 153 261 189 M.
293 152 413 189 VAL.
447 152 759 192 MARTIALIS

653 265 866 302 LXXXIV

314 333 422 382 Quid
451 342 579 372 narrat
609 342 675 372 tua
704 336 900 373 moecha?
947 336 1040 373 Non
1070 337 1242 386 puellam

314 399 404 446 dixi,
436 399 671 449 Gongylion.
730 400 838 449 Quid
868 402 992 451 ergo?
1030 400 1215 452 linguam.

671 488 863 525 LXXXV

210 555 309 604 Quis
339 555 409 594 tibi
438 556 627 606 persuasit
657 557 758 595 naris
787 557 991 596 abscidere
1021 559 1223 597 moecho?

261 634 341 659 non
370 623 444 659 hac
473 630 679 670 peccatum
709 630 767 660 est
796 631 914 672 parte,
947 623 1093 670 marite,
1126 623 1207 661 tibi.

208 688 335 733 stulte,
367 686 461 736 quid
492 687 631 737 egisti?
669 687 765 724 nihil
795 687 858 726 hic
887 687 958 725 tibi
987 687 1156 736 perdidit
1186 701 1290 734 uxor,

260 764 350 789 cum
381 751 428 789 sit
458 753 562 789 salva
591 751 646 790 tui
677 753 851 790 mentula
883 751 1095 802 Deiphobi.

655 841 866 878 LXXXVI

211 910 272 947 Ne
301 910 447 959 legeres
476 917 625 959 partem
656 909 799 957 lascivi,
830 918 946 957 casta,
979 910 1109 957 libelli,

262 973 435 1024 praedixi
464 982 502 1013 et
532 974 694 1013 monui:
734 983 775 1013 tu
806 983 948 1022 tamen,
981 989 1083 1023 ecce,
1117 975 1221 1025 legis.

212 1040 279 1077 sed
310 1039 339 1077 si
372 1040 631 1078 Panniculum
661 1047 815 1090 spectas
844 1048 893 1087 et,
924 1048 1041 1087 casta,
1075 1040 1328 1087 Latinums—

264 1117 342 1142 non
373 1112 463 1142 sunt
493 1106 589 1143 haec
620 1104 749 1143 mimis
778 1104 1168 1155 inprobiora‚——lege.

650 1193 885 1229 LXXXVII

212 1263 351 1299 Narrat
381 1270 417 1299 te
447 1275 588 1308 rumor,
621 1262 787 1308 Chione,
818 1275 1034 1312 numquam
1065 1275 1149 1300 esse
1179 1263 1344 1300 fututam

264 1333 382 1375 atque
411 1326 507 1363 nihil
537 1340 669 1364 cunno
698 1326 831 1376 purius
861 1340 946 1365 esse
975 1334 1055 1365 tuo.

213 1398 314 1428 tecta
343 1398 474 1428 tamen
505 1404 584 1428 non
614 1392 699 1438 hac,
731 1404 808 1441 qua
837 1392 970 1439 debes,
1002 1399 1110 1440 parte
1139 1391 1302 1429 lavaris:

267 1455 295 1492 si
326 1457 454 1505 pudor
483 1464 552 1502 est,
584 1457 747 1494 transfer
776 1456 946 1506 subligar
974 1456 1014 1493 in
1044 1455 1194 1494 faciem.

640 1550 899 1586 LXXXVIII

214 1622 311 1655 Sunt
340 1617 485 1667 gemini
515 1619 659 1665 fratres,
691 1618 842 1657 diversa
871 1619 940 1657 sed
970 1618 1129 1667 inguina
1158 1618 1319 1668 lingunt.

267 1682 396 1729 dicite,
428 1682 636 1721 dissimiles
665 1691 755 1721 sunt
786 1683 908 1733 magis
937 1697 987 1721 an
1017 1683 1192 1722 similes?

662 1777 877 1813 LXXXIX

216 1848 333 1884 Vtere
362 1845 523 1884 lactucis
553 1854 590 1884 et
620 1846 804 1883 mollibus
833 1852 941 1884 utere
970 1845 1129 1883 malvis:

268 1924 358 1948 nam
388 1910 527 1948 faciem
558 1912 710 1958 durum,
743 1910 915 1957 Phoebe,
946 1910 1118 1948 cacantis
1147 1910 1279 1948 habes.

260 2013 442 2044 LXXXIV
465 2024 483 2044 2
508 2014 618 2054 Gong.
631 2014 705 2046 Ital.
722 2026 728 2045 ε
755 2014 949 2054 goncylium
964 2015 1042 2055 (co—‚
1059 2014 1132 2052 -ci-‚
1147 2014 1235 2055 -gy-)
1249 2013 1326 2044 BA:
1352 2013 1534 2052 congylion

232 2076 239 2079 .
271 2058 309 2093 ᾗ-)
330 2057 377 2087 CA

219 2059 422 2130 (gLXXXV
444 2100 516 2131 lzab.
542 2100 588 2139 T;
612 2112 660 2131 vv.
686 2101 833 2131 1-2l1ab.
854 2101 887 2130 R
996 2111 1015 2140 3
1039 2100 1097 2131 tibi
1114 2100 1192 2132 ΑΑ;
1217 2105 1274 2131 tua
1291 2099 1397 2131 BACA
1517 2111 1534 2138 4

214 2144 264 2174 sui
281 2144 356 2174 Ital.
435 2144 501 2174 diei
519 2145 640 2183 phoebi
660 2144 704 2175 T:
728 2145 781 2174 dei
799 2144 921 2183 phoebi
938 2144 985 2174 CA
1002 2147 1090 2183 [mm
1106 2144 1147 2182 ΩΧ

259 2186 437 2217 LXXXVI
462 2187 534 2217 hah.
563 2187 592 2218 T
708 2198 720 2218 1
749 2188 957 2226 Neclegeres
979 2187 1089 2224 Tisvix
1102 2187 1173 2215 ΑΑἎ
1300 2195 1320 2224 3
1343 2190 1476 2225 spectas
1503 2191 1535 2216 et

215 2235 305 2261 casta
322 2230 404 2260 ΑΑε
428 2236 564 2268 spectas
589 2235 625 2261 tu
651 2236 742 2262 casta
762 2231 839 2261 BA:
862 2231 890 2261 si
915 2235 1050 2269 spectas
1074 2235 1164 2261 casta
1187 2230 1235 2260 CA

261 2273 457 2303 LXXXVII
482 2274 555 2305 hab.
582 2274 612 2304 T
748 2284 762 2304 1
788 2275 910 2305 chione
927 2283 1041 2304 rumor
1056 2274 1115 2302 ΑΑ
1130 2285 1136 2303 :
1160 2283 1275 2303 rumor
1291 2271 1414 2303 chione
1431 2271 1536 2303 BACA

213 2317 343 2347 salitam
360 2317 419 2346 ΑΑ
439 2317 517 2357 (sol-
542 2317 583 2354 T)
603 2318 683 2357 (pro
699 2318 853 2357 fututam)
1029 2327 1048 2347 2
1073 2322 1221 2347 monstro
1237 2315 1297 2346 ΑΑ
1314 2320 1385 2356 (pro
1408 2316 1534 2355 cunno)

215 2369 235 2398 3
259 2370 323 2399 que
344 2360 376 2393 (τ’.
393 2371 416 2392 e.
437 2361 539 2399 quae)
562 2360 590 2390 T
683 2372 701 2399 4
727 2361 891 2391 transfers
908 2359 963 2389 ΒΑ

259 2403 475 2436 LXXXVIII
500 2415 512 2435 1
533 2404 657 2434 diuersi
676 2404 723 2434 CA
791 2415 810 2434 2
827 2405 893 2434 sint
904 2404 957 2433 ΒΑ
976 2414 983 2433 :
999 2407 1077 2433 sunt
1095 2403 1143 2433 CA
1210 2401 1396 2433 LXXXIX
1413 2401 1488 2433 hala.
1504 2401 1536 2430 R
