1684 2763
475 150 657 188 INDEX
695 122 1162 192 EPIGRAMMATON

215 259 337 289 Famae
355 269 423 289 non
441 260 581 290 nimium
597 261 707 291 bonae
724 261 867 301 puellam
913 261 972 301 VI,
989 263 1042 292 66.

216 302 334 333 Fascia
351 308 544 334 crescentes
562 305 717 335 dominae
734 316 913 344 compesce
930 307 1073 345 papillas
1119 305 1211 344 XIV,
1232 315 1303 345 134.

217 346 394 376 Fastorum
411 348 547 385 genitor
563 358 752 387 parensque
770 348 870 379 Ianus
915 349 1008 389 VIII,
1028 360 1058 380 2.

216 388 362 420 Felicem
381 390 452 420 fieri
471 391 579 421 credis
596 401 660 431 me,
677 391 781 431 Zoile,
800 402 896 431 cena,
942 392 985 433 ΙΙ,
1009 403 1056 432 19.

217 432 357 472 Felices,
377 433 496 472 quibus
512 444 597 464 urna
614 435 706 465 dedit
721 440 876 474 spectare
894 446 1070 467 coruscum
1118 436 1161 476 X,
1181 436 1212 468 6.

218 476 354 506 Femina
370 477 531 515 praeferri
550 478 657 516 potuit
674 479 731 509 tibi
750 479 850 518 nulla,
871 479 993 518 Lycori
1040 479 1098 511 VI.
1117 491 1170 518 40.

218 519 412 550 Femineam
430 520 525 550 nobis
541 521 685 551 cherson
702 522 731 551 si
750 523 860 552 credis
878 523 988 552 inesse
1036 522 1126 561 XIV,
1145 523 1198 553 88.

218 563 360 593 Ferreus
378 573 425 602 es,
445 564 473 593 si
490 569 580 594 stare
598 569 710 602 potest
727 565 785 594 tibi
803 565 963 603 mentula,
984 565 1100 596 Flacce
1147 566 1207 603 XI,
1226 575 1278 604 27.

217 606 338 636 Fertur
354 607 477 636 habere
495 617 597 644 meos,
617 608 645 637 si
662 617 743 637 vera
760 613 811 637 est
829 608 924 647 fama,
944 609 1076 639 libellos
1121 608 1197 645 VII,
1217 609 1269 639 88.

217 650 359 680 Fervida
377 660 418 679 ne
435 651 514 680 trito
533 650 590 680 tibi
609 650 734 689 pollice
752 652 870 691 pusula
886 656 1003 690 surgat
1049 651 1141 692 XIV,
1166 653 1237 691 167.

218 693 368 723 Festinat
387 693 575 732 Polytimus
592 694 632 723 ad
651 694 778 732 puellas
824 693 901 732 XII,
921 705 970 734 75.

218 737 386 766 Festinata
404 738 505 775 prior,
526 738 648 766 decimi
667 738 747 771 mihi
766 747 844 767 cura
862 738 964 768 libelli
1012 738 1057 777 X,
1074 748 1104 770 2.

218 780 390 810 Festinata
407 781 458 809 sui
477 785 628 818 gemeret
646 781 736 819 quod
753 780 819 811 sata
837 781 956 812 Severi
1004 781 1064 822 IX,
1084 783 1136 813 86.

219 823 352 853 Festive
371 824 481 853 credis
499 828 545 859 te,
564 823 768 862 Calliodore,
790 825 893 854 iocari
939 825 997 858 VI.
1018 836 1070 864 44.

218 867 335 897 Ficosa
352 872 403 897 est
420 877 518 905 uxor,
536 867 659 897 ficosus
677 873 711 898 et
727 868 799 906 ipse
818 867 957 898 maritus
1002 868 1076 903 VII,
1099 879 1148 907 71.

219 910 287 940 Fila
303 910 481 940 Tarentini
498 911 646 949 graviter
662 911 848 942 redolentia
866 913 957 950 porri
1004 912 1100 951 XIII,
1124 913 1171 942 18.

220 953 300 983 Filia
319 953 464 984 Picenae
481 955 579 984 venio
599 954 767 984 Lucanica
785 965 906 993 porcae
954 955 1049 995 XIII,
1067 965 1120 995 35.

219 997 328 1027 Flavia
345 1007 442 1035 gens,
460 1002 620 1035 quantum
639 998 696 1027 tibi
714 998 832 1028 tertius
849 999 985 1029 abstulit
1003 999 1122 1031 heres!
1169 999 1228 1040 Ep.
1249 1009 1300 1039 33.

219 1041 370 1070 Flectere
387 1046 419 1071 te
437 1041 550 1077 nolim,
570 1042 628 1071 sed
648 1052 709 1072 nec
728 1042 861 1071 turbare
880 1043 1019 1081 capillos
1066 1042 1107 1081 ΙΙ,
1127 1044 1179 1081 36.

220 1084 338 1114 Flectit
355 1084 396 1114 ab
414 1085 521 1114 inviso
539 1085 714 1114 morientia
730 1085 855 1114 lumina
873 1086 964 1116 disco
1011 1085 1105 1123 XIV,
1125 1095 1195 1124 173.

221 1128 394 1157 Flentibus
412 1127 594 1157 Heliadum
614 1129 713 1158 ramis
730 1129 806 1158 dum
825 1129 941 1167 vipera
958 1129 1046 1167 repit
1094 1129 1153 1167 IV,
1171 1140 1224 1169 59.

220 1171 293 1200 Flet
311 1171 496 1201 Philomela
514 1171 607 1201 nefas
623 1172 741 1201 incesti
759 1171 898 1210 Tereos,
913 1177 946 1202 et
963 1182 1049 1210 quae
1098 1172 1188 1209 XIV,
1210 1183 1261 1212 75.

221 1214 314 1244 Flete
333 1215 428 1244 nefas
444 1221 590 1244 vestrum
608 1216 668 1245 sed
685 1219 756 1244 toto
775 1216 850 1245 flete
871 1216 1016 1246 Lucrino
1062 1215 1119 1249 VI,
1139 1217 1192 1246 68.

222 1258 356 1288 Florida
373 1268 434 1296 per
451 1259 563 1288 varios
580 1263 616 1288 ut
634 1258 782 1297 pingitur
801 1259 915 1296 Hybla
932 1260 1062 1289 colores
1109 1258 1153 1297 ΙΙ,
1174 1261 1225 1298 46.

222 1301 378 1331 Foedasti
397 1302 564 1333 miserum.
586 1302 716 1337 marite,
734 1303 909 1332 moechum
958 1302 1000 1342 ΙΙ,
1020 1304 1071 1341 83.

223 1345 365 1374 Foetere
384 1345 486 1374 multo
506 1344 649 1383 Myrtale
667 1345 755 1375 solet
773 1346 850 1375 vino
897 1345 938 1383 V,
954 1357 984 1384 4.

223 1388 312 1417 Fons
329 1389 495 1425 dominae,
515 1388 629 1427 regina
648 1388 711 1418 loci
729 1399 795 1427 quo
813 1389 937 1427 gaudet
955 1388 1084 1419 Ianthis
1130 1388 1205 1429 VII,
1225 1399 1278 1428 50.

222 1432 380 1461 Formosa
400 1432 526 1470 Phyllis
545 1437 644 1461 nocte
662 1442 734 1462 cum
754 1432 833 1461 mihi
852 1437 921 1462 tota
967 1432 1043 1469 XII,
1064 1433 1115 1470 65.

223 1475 413 1505 Formosam
431 1475 547 1505 faciem
567 1476 664 1513 nigro
682 1476 904 1506 medicamine
921 1476 1012 1506 celas
1058 1475 1120 1514 ΙΙΙ,
1139 1486 1169 1515 3,

222 1518 414 1548 Formosam
435 1518 607 1558 Glyceran
627 1524 717 1548 amat
734 1519 910 1558 Lupercus
955 1519 1017 1557 XI,
1035 1530 1086 1557 40.

222 1562 416 1592 Formosam
434 1572 517 1592 sane
534 1563 595 1592 sed
613 1573 733 1593 caecus
750 1563 857 1601 diligit
874 1562 986 1601 Asper
1030 1562 1122 1603 VIII,
1142 1573 1195 1602 51.

224 1605 479 1635 Formosissima
496 1616 581 1644 quae
600 1605 694 1636 suere
712 1607 761 1635 vel
780 1612 856 1636 sunt
903 1605 996 1638 VIII,
1014 1616 1066 1645 54.

224 1648 460 1686 Fragmentum
478 1650 567 1686 quod
584 1649 647 1678 vile
665 1654 762 1688 putas
779 1655 812 1679 ct
832 1650 948 1679 inutile
966 1650 1092 1688 lignum
1139 1649 1213 1690 Vll,
1239 1660 1288 1689 19.

224 1692 369 1730 Frangat
388 1692 565 1722 Idumaeas
582 1693 688 1723 tristis
705 1692 855 1723 Victoria
874 1693 1002 1732 palmas
1047 1693 1090 1730 X,
1110 1704 1163 1732 50.

224 1735 396 1774 Frangere
413 1737 489 1765 dum
509 1737 637 1775 metuis,
660 1736 793 1775 franges
811 1737 1003 1774 crystallina
1019 1747 1025 1766 :
1051 1741 1191 1774 peccant
1238 1735 1332 1774 XIV,
1351 1745 1420 1766 111.

224 1778 391 1809 Fraudata
409 1784 535 1809 tumeat
553 1779 680 1818 fragilis
698 1780 756 1809 tibi
775 1780 893 1810 culcita
911 1779 999 1809 inula
1046 1779 1138 1817 XIV,
1160 1781 1230 1809 162.

224 1821 359 1861 Frigida
377 1832 444 1852 non
464 1823 561 1857 derit,
581 1833 647 1853 non
666 1823 751 1852 derit
769 1823 863 1852 calda
881 1823 1011 1861 petenti
1060 1823 1152 1859 XIV,
1176 1833 1245 1861 105.

225 1866 404 1896 Frontibus
421 1866 572 1896 adversis
590 1867 709 1896 molles
726 1876 927 1896 concurrere
945 1867 1092 1896 dammas
1139 1865 1195 1904 IV,
1210 1875 1263 1904 35.

226 1910 372 1949 Frustra,
392 1909 595 1946 Blanditiae,
612 1910 734 1939 venitis
751 1910 792 1939 ad
811 1920 864 1939 me
910 1909 954 1946 X,
974 1919 1025 1947 72.

226 1953 362 1991 Fugerit
379 1963 421 1982 an
442 1952 601 1982 Phoebus
618 1963 753 1982 mensas
770 1962 954 1990 cenamque
970 1952 1140 1991 Thyestae
1187 1952 1249 1985 ΙΙΙ,
1268 1962 1319 1992 45.

226 1997 357 2027 Funera
375 2001 449 2035 post
465 2002 597 2034 septem
617 1996 730 2035 nupsit
749 1996 806 2025 tibi
826 1996 922 2026 Galla
940 1996 1086 2026 virorum
1134 1995 1195 2034 IX,
1215 1996 1265 2034 78.

225 2040 291 2070 Fur
307 2044 409 2070 notae
428 2039 565 2069 nimium
583 2040 775 2078 rapacitatis
821 2039 879 2077 VI,
899 2049 949 2078 72.

225 2123 328 2153 Gaius
345 2123 431 2153 hanc
448 2122 558 2152 lucem
574 2133 705 2161 gemma
723 2122 803 2152 mihi
821 2121 923 2152 Iulius
939 2121 1014 2152 alba
1061 2121 1120 2154 XI,
1140 2123 1196 2159 36.

226 2166 370 2197 Galbina
386 2167 553 2206 decipitur
568 2166 703 2196 calamis
722 2171 754 2196 et
774 2166 900 2196 retibus
915 2165 986 2195 ales
1033 2165 1128 2203 XIII,
1148 2166 1201 2195 68.

227 2210 334 2247 Galla,
352 2219 439 2248 nega
455 2220 462 2240 ε
485 2210 627 2240 satiatur
644 2219 737 2239 amor
754 2209 816 2239 nisi
834 2210 957 2247 gaudia
975 2213 1132 2247 torquent
1179 2207 1234 2247 IV,
1253 2209 1306 2247 38.

226 2253 334 2284 Gallia
353 2253 538 2283 Santonico
555 2253 654 2283 vestit
671 2258 702 2283 te
719 2253 956 2282 bardocucullo
1002 2252 1096 2289 XIV,
1118 2252 1189 2282 128.

227 2297 343 2328 Garris
359 2298 390 2326 in
408 2307 522 2326 aurem
540 2307 676 2335 semper
691 2297 857 2333 omnibus,
875 2296 986 2326 Cinna
1033 2295 1058 2333 I,
1073 2296 1124 2333 89.

226 2340 390 2371 Garrulus
407 2340 439 2369 in
457 2340 534 2370 laxo
552 2350 610 2370 cur
627 2340 748 2370 anulus
765 2340 845 2369 orbe
861 2340 1023 2377 vagatur?
1068 2339 1160 2377 XIV,
1182 2339 1253 2377 169.

227 2383 361 2414 Gaudet
377 2383 409 2413 in
429 2384 560 2413 effossis
577 2384 728 2414 habitare
746 2383 921 2413 cuniculus
939 2383 1043 2412 antris
1090 2381 1185 2421 XIII⁷
1205 2384 1256 2413 60.

229 2427 358 2458 Gellius
375 2427 531 2457 aedificat
548 2437 680 2467 semper
697 2438 704 2457 :
728 2428 828 2457 modo
845 2427 961 2457 limina
978 2427 1076 2466 ponit
1122 2425 1185 2465 IX,
1200 2427 1251 2464 46.
