1684 2763
413 502 481 549 M.
531 499 692 548 VAL.
745 500 1154 548 MARTIALIS

480 617 1089 666 EPIGRAMMATON

625 738 795 774 LIBER
834 737 940 774 VIII

165 860 429 895 IMPERATORI
455 859 706 895 DOMITIANO
727 858 910 896 CAESARI
933 860 1129 897 AVGVSTO
1151 861 1412 899 GERMANICO

430 924 592 960 DACICO
613 923 828 959 VALERIVS
850 923 1091 961 MARrrALrs
1112 925 1148 962 S.

176 1011 329 1048 OMNES
363 1009 524 1059 quidem
560 1008 679 1046 libelli
714 1008 801 1055 mei,
834 1009 1007 1057 domine,
1040 1010 1183 1059 quibus
1223 1020 1263 1049 tu
1293 1013 1450 1058 famam,

122 1075 160 1113 id
187 1082 245 1113 est
266 1075 396 1122 vitam,
419 1073 575 1121 dedisti,
598 1073 668 1112 tibi
697 1073 945 1124 supplicant3
974 1083 1021 1123 et,
1051 1083 1162 1125 puto,
1189 1084 1347 1126 propter
1376 1078 1452 1115 hoc

122 1142 307 1190 legentur.
368 1139 449 1178 Hic
470 1147 614 1186 tamen,
637 1139 704 1189 qui
729 1139 857 1189 operis
884 1139 1005 1178 nostri
1027 1148 1189 1180 octavus
1216 1141 1450 1189 inscribitur,
1473 1163 1489 1192 5

121 1205 329 1244 occasione
349 1205 504 1255 pietatis
525 1204 767 1254 frequentius
787 1204 934 1243 fruitur.
986 1206 1122 1244 Minus
1142 1206 1274 1257 itaque
1295 1207 1452 1257 ingenio

120 1271 380 1309 laborandum
401 1270 484 1317 fuit,
506 1270 545 1308 in
568 1269 677 1307 cuius
705 1271 837 1308 locum
859 1270 1019 1308 materia
1040 1280 1303 1310 successerat:
1334 1287 1450 1323 quam

121 1335 280 1385 quidem
303 1335 472 1375 subinde
485 1335 616 1385 aliqua
633 1335 809 1373 iocorum
824 1335 990 1374 mixtura
1002 1336 1148 1375 variare
1162 1338 1451 1388 temptavimus,

121 1415 169 1440 ne
190 1401 348 1440 caelesti
361 1400 621 1439 verecundiae
641 1408 731 1438 tuae
752 1401 888 1439 laudes
909 1414 1009 1448 suas,
1026 1416 1126 1452 quae
1147 1403 1297 1441 facilius
1319 1411 1356 1441 te
1372 1403 1454 1441 fati-

120 1480 209 1516 gare
248 1466 401 1516 possint
446 1479 565 1516 quam
604 1478 677 1503 nos
716 1465 867 1513 satiare,
908 1466 1038 1505 omnis
1077 1481 1209 1506 versus
1249 1468 1450 1518 ingereret.

121 1531 312 1580 Quamvis
359 1538 491 1568 autern
541 1529 822 1579 epigrammata
863 1543 885 1568 a
924 1530 1178 1569 severissimis
1217 1545 1377 1582 quoque
1416 1540 1453 1571 et

121 1610 298 1634 summae
318 1597 497 1634 fortunae
516 1595 606 1632 viris
627 1595 679 1632 ita
699 1594 842 1645 scripta
861 1595 938 1634 sint
962 1604 1003 1634 ut
1024 1596 1223 1635 mimicam
1244 1598 1453 1636 verborum

121 1661 319 1700 licentiam
341 1662 560 1699 adfectasse
580 1659 797 1707 videantur,
825 1674 897 1710 ego
927 1668 1060 1699 tamen
1090 1661 1163 1699 illis
1194 1675 1274 1700 non
1295 1662 1453 1712 permisi

122 1735 199 1764 tam
221 1725 363 1764 lascive
384 1725 492 1775 loqui
517 1738 635 1775 quam
664 1726 801 1763 solent.
862 1726 965 1765 Cum
993 1740 1081 1776 pars
1106 1726 1192 1765 libri
1213 1734 1251 1765 et
1273 1727 1395 1765 maior
1416 1735 1454 1765 et

121 1791 257 1830 melior
269 1792 320 1829 ad
337 1791 581 1829 maiestatem
598 1789 695 1828 sacri
712 1790 883 1829 nominis
904 1791 959 1829 tui
979 1791 1135 1841 alligata
1155 1792 1214 1839 sit,
1233 1792 1454 1831 meminerit

121 1870 201 1894 non
222 1856 296 1894 nisi
317 1856 496 1906 religiosa
523 1855 796 1905 purificatione
823 1857 1005 1895 lustratos
1026 1859 1216 1896 accedere
1235 1859 1286 1896 ad
1308 1859 1454 1907 templa

120 1922 276 1960 debere.
337 1923 458 1970 Quod
488 1929 530 1959 ut
559 1921 849 1959 custoditurum
879 1935 943 1960 me
972 1922 1109 1960 lecturi
1140 1922 1275 1970 sciant,
1298 1922 1337 1960 in
1367 1922 1453 1972 ipso

121 1986 240 2025 libelli
261 1986 377 2024 huius
397 1986 532 2024 limine
553 1985 723 2036 profiteri
744 1986 974 2025 brevissimo
995 1987 1141 2038 placuit
1161 1987 1451 2038 epigrammate.

776 2069 794 2106 I

123 2133 352 2182 Laurigeros
382 2132 546 2180 domini,
578 2133 685 2180 liber,
718 2132 904 2172 intrature
933 2142 1095 2183 penates

175 2198 282 2237 disce
312 2200 537 2237 verecundo
567 2198 740 2237 sanctius
770 2212 836 2237 ore
866 2199 985 2249 loqui.

167 2301 279 2332 prsr.
306 2312 370 2332 om.
398 2301 454 2331 ΒΑ
590 2312 641 2340 12,
669 2312 707 2341 13
732 2303 863 2333 mimica
885 2313 914 2333 u.
935 2303 1072 2333 licentia
1090 2303 1155 2334 cod.
1178 2304 1257 2343 (—am
1273 2314 1303 2335 u.
1322 2313 1389 2334 -arn
1410 2303 1453 2341 C)

126 2355 163 2383 15
189 2345 331 2384 allegata
349 2344 385 2374 X
531 2347 570 2376 16
594 2346 754 2377 lustratos
771 2346 816 2377 cd.
837 2357 866 2378 a.
886 2357 965 2386 1471
984 2358 991 2377 ε
1015 2347 1175 2377 lustratus
1192 2346 1256 2377 cod.
1416 2347 1455 2376 18

122 2389 259 2420 nomine
276 2388 341 2420 cod.
362 2388 434 2430 (sed
448 2388 564 2420 limine
583 2388 665 2430 XC)
1162 2390 1174 2420 I
1200 2390 1272 2421 hab.
1291 2389 1325 2420 R

1307 2443 1369 2474 14*

1475 1484 1514 1506 10

1476 1805 1512 1838 Ι5
