1684 2763
738 153 1205 192 EPIGRAMMATON
1238 153 1340 190 LIB.
1373 152 1477 190 XIII

510 266 552 302 L.
590 266 731 302 Terrae
759 265 902 302 tubera.

150 351 390 401 Rumpimus
420 350 593 389 altricem
626 358 760 389 tenero
791 364 891 400 quae
922 350 1065 388 vertice
1095 358 1234 389 terram

202 417 348 462 tubera,
382 415 523 454 boletis
554 429 673 465 poma
702 416 878 454 secunda
907 429 1055 453 sumus.

436 526 502 563 LI.
540 526 759 563 Turdorum
792 526 955 563 decuria.

148 615 273 651 Texta
302 612 398 651 rosis
428 614 590 651 fortasse
622 611 691 649 tibi
721 613 781 650 vel
811 612 931 650 divite
960 613 1096 661 nardo,

202 686 240 716 at
271 677 366 716 mihi
397 679 446 716 de
477 677 600 716 turdis
630 679 732 715 sacta
761 691 908 716 corona
936 679 1075 728 placet.

513 789 604 825 LII.
634 789 794 825 Anates.

149 877 251 913 'l‘ota
281 874 443 924 quidem
474 882 642 925 ponatur
670 888 775 921 anm,
808 875 877 912 sed
907 881 1066 924 pectore
1096 882 1247 912 tantum

202 948 240 978 et
269 940 419 979 cervice
449 940 571 990 sapit:
611 947 739 978 cetera
768 941 888 978 redde
918 953 1028 978 0000.

538 1051 653 1087 LIII.
692 1051 888 1086 Turtures.

150 1134 253 1171 Cum
283 1131 437 1181 pinguis
469 1130 563 1169 mihi
594 1138 718 1168 turtur
747 1130 828 1177 erit,
861 1132 1014 1168 lactuca
1043 1129 1215 1177 valebi53

204 1205 241 1236 et
270 1199 423 1236 cocleas
454 1196 523 1235 tibi
553 1197 668 1235 habe.
728 1197 895 1234 Perdere
929 1197 1023 1234 nolo
1053 1197 1210 1233 famem.

567 1308 674 1344 LIV.
706 1308 848 1344 Perna.

152 1391 364 1429 Cerretana
394 1388 489 1426 mihi
520 1390 586 1426 fiat
616 1390 675 1426 vel
706 1388 824 1425 missa
853 1387 985 1426 licebit

205 1455 254 1493 de
286 1453 493 1503 Menapis:
533 1453 627 1492 lauti
657 1454 707 1491 de
738 1460 927 1503 petasone
957 1459 1106 1491 vorent.

575 1565 656 1601 LV.
688 1563 839 1600 Petaso.

155 1631 334 1667 Musteus
365 1636 448 1667 est:
488 1642 663 1678 propera,
695 1641 806 1666 caros
837 1641 909 1666 nec
939 1627 1051 1666 differ
1079 1626 1239 1665 amicos.

208 1707 298 1732 nam
330 1693 425 1731 mihi
456 1707 546 1732 cum
577 1695 710 1732 vetulo
740 1693 788 1732 sit
817 1701 1007 1743 petasone
1038 1692 1146 1730 nihil.

574 1805 679 1841 LVI.
721 1804 848 1842 Volva.

152 1889 210 1924 'I‘e
240 1887 401 1924 fortasse
432 1884 553 1935 magis
583 1885 711 1935 capiat
740 1887 790 1923 de
819 1885 966 1934 virgine
996 1897 1115 1934 porca
1130 1899 1139 1931 3

207 1965 269 1990 me
299 1958 474 1989 materna
503 1949 607 2000 gravi
637 1951 686 1988 de
717 1963 786 1988 sue
815 1951 929 1988 volva
957 1949 1072 2000 capit.

198 2049 223 2078 L
248 2047 322 2079 lmb.
346 2048 375 2078 T
462 2057 633 2079 FICEDVLA
656 2048 752 2087 T(cf.
773 2047 904 2087 XLIX)
997 2056 1011 2076 1
1039 2048 1080 2077 de
1097 2046 1230 2077 AACA:
1257 2056 1345 2086 quae
1362 2046 1416 2076 BA

199 2092 240 2122 LI
258 2092 332 2123 lzab.
358 2091 386 2121 T
427 2101 456 2122 T.
475 2101 507 2123 D.
527 2101 605 2122 SIVE
622 2101 764 2121 CORONA
780 2091 835 2121 BA

200 2135 261 2165 LII
278 2135 353 2166 hab.
380 2134 439 2164 TR
484 2144 614 2165 ANETES
631 2134 664 2165 R
757 2145 770 2164 1
791 2139 928 2174 pectora
949 2133 997 2164 CA
1015 2134 1103 2174 (cum
1120 2132 1169 2172 R)

200 2178 278 2208 LIII
296 2178 369 2208 hab.
395 2178 424 2208 T
510 2188 523 2208 1
544 2178 581 2210 C.
602 2189 633 2217 p.
652 2188 695 2208 m.
713 2182 735 2209 t.
755 2188 783 2209 e.
802 2178 937 2208 AACA:
962 2177 1000 2209 C.
1021 2187 1062 2208 m.
1081 2181 1103 2208 t.
1125 2187 1156 2216 p.
1173 2187 1201 2207 e.
1217 2175 1273 2206 BA
1362 2176 1489 2207 ualebis

154 2222 271 2252 AABA
287 2233 294 2252 ε
318 2221 448 2252 ualebis
467 2221 559 2260 (EA)
578 2222 628 2252 vel
642 2222 766 2252 ualebit
786 2220 870 2261 (XV
882 2220 1033 2262 Epora-d.)
1054 2220 1102 2250 CA

201 2266 277 2296 LIV
305 2265 379 2295 hab.
400 2265 433 2295 T.
482 2264 564 2294 Post
587 2265 642 2295 LV
669 2265 703 2295 in
728 2265 783 2295 ΒΑ
897 2275 910 2296 1
938 2264 1038 2295 Cere·
1055 2264 1133 2294 BA:
1167 2264 1287 2294 Caere·
1311 2263 1359 2294 CA
1449 2273 1468 2292 2

156 2313 280 2340 uorent
294 2308 423 2339 AACA:
449 2313 569 2338 norant
584 2308 638 2338 BA

202 2352 259 2382 LV
275 2351 350 2383 hab.
368 2351 397 2381 T
483 2361 496 2381 1
523 2361 629 2391 prope
642 2351 694 2382 CA

200 2395 273 2426 LVI
292 2395 365 2425 lzab.
392 2394 421 2425 T
