1684 2763
801 156 1271 195 EPIGRAMMATON
1305 157 1406 195 LIB.
1441 158 1499 194 IV

613 269 836 307 LXXXIII

163 360 310 396 Securo
341 357 436 395 nihil
466 364 524 395 est
553 364 602 403 te,
635 358 825 405 Naevole,
854 356 992 406 peius;
1030 357 1172 395 eodem

217 422 385 461 sollicito
415 422 512 460 nihil
540 429 610 469 est,
643 423 831 469 Naevole,
863 429 901 460 te
931 422 1082 460 melius.

163 499 322 524 securus
352 487 504 523 nullum
534 486 732 532 resalutas‚
766 484 937 534 despicis
967 498 1117 531 omnes,

217 565 290 589 nec
320 551 528 601 quisquam
559 550 657 589 liber
686 564 760 589 nec
789 550 860 589 tibi
889 558 1004 588 natus
1034 552 1155 588 homo
1186 558 1269 589 est:

163 616 352 655 sollicitus
382 618 519 662 donas,
552 616 761 654 dominum
791 629 1004 666 regemque
1033 617 1188 658 salutas.

216 682 367 720 invitas.
446 684 554 728 Esto,
587 683 775 728 Naevole‚
807 681 1008 720 sollicitus.

614 799 830 835 LXXXIV

272 881 365 918 Non
395 887 453 917 est
483 879 523 917 in
552 881 702 929 populo
731 893 805 918 nec
834 881 930 919 urbe
960 888 1042 919 tota

270 959 294 983 a
322 959 364 984 se
393 945 549 983 Thaida
579 945 645 994 qui
675 945 816 995 probet
846 947 1026 993 fututam,

270 1024 361 1048 cum
392 1010 505 1048 multi
534 1009 696 1060 cupiant
726 1018 943 1060 rogentque
974 1010 1097 1049 multi.

269 1077 371 1113 Tam
401 1083 508 1114 casta
537 1083 606 1122 est,
637 1089 743 1126 rogo,
775 1076 927 1114 Thais?
985 1078 1116 1115 Immo
1147 1077 1262 1114 fellat.

627 1181 818 1217 LXXXV

164 1262 249 1299 Nos
279 1261 452 1300 bibimus
481 1261 590 1307 vitro,
623 1269 665 1300 tu
695 1276 834 1309 murra,
869 1262 1044 1300 Pontice.
1105 1264 1267 1312 Quare?

218 1328 363 1365 Prodat
392 1327 622 1377 perspicuus
652 1341 702 1366 ne
731 1329 812 1366 duo
842 1327 932 1366 vina
961 1328 1070 1366 calix.

613 1433 826 1470 LXXXVI

271 1513 311 1552 Si
339 1513 395 1552 vis
425 1514 584 1552 auribus
614 1514 756 1553 Atticis
786 1513 953 1564 probari,

270 1580 452 1617 exhortor
482 1592 707 1629 moneoque
738 1587 786 1626 te,
819 1579 961 1625 libelle,

269 1652 312 1682 ut
341 1646 461 1682 docto
491 1646 645 1694 placeas
676 1644 904 1694 Apollinari.

270 1710 323 1747 nil
353 1709 525 1748 exactius
556 1710 826 1760 eruditiusque
856 1718 925 1757 est,

269 1775 338 1811 sed
370 1787 442 1811 nec
472 1773 680 1812 candidius
711 1773 1025 1823 benigniusque:

269 1838 301 1876 si
331 1846 368 1877 te
397 1846 567 1888 pectore,
599 1838 629 1877 si
659 1839 809 1877 tenebit
839 1852 916 1885 ore,

269 1916 342 1941 nec
371 1904 570 1942 rhonchos
600 1912 751 1942 metues
781 1903 1067 1954 maligniorum,

270 1982 342 2006 nec
372 1969 562 2006 scombris
592 1969 744 2007 tunicas
773 1969 887 2007 dabis
917 1971 1111 2007 molestas.

269 2032 300 2071 si
330 2033 585 2080 damnaverit,
617 2035 668 2072 ad
698 2034 927 2072 salariorum

268 2110 397 2136 curras
428 2097 568 2136 scrinia
597 2098 773 2148 protinus
803 2098 948 2145 licebit,

269 2162 421 2201 inversa
450 2163 580 2212 pueris
609 2165 755 2202 arande
785 2165 930 2202 charta.

208 2265 390 2295 LXXXIII
416 2265 488 2296 hab.
514 2265 543 2295 T
678 2276 696 2304 4
721 2266 806 2296 liber
822 2277 888 2296 om.
909 2265 965 2295 BA
982 2270 1026 2297 ul.
1044 2265 1108 2297 vid.

207 2308 390 2339 LXXXlV
414 2320 432 2339 2
457 2310 603 2339 thaidam
621 2309 674 2339 BA

207 2351 369 2381 LXXXV
393 2353 465 2383 hab.
488 2352 547 2382 TR
699 2363 718 2382 2
742 2353 957 2392 perspicuum
974 2353 1028 2382 ΒΑ

208 2395 384 2425 LXXXVI
410 2406 429 2434 3
454 2397 552 2427 docte
570 2396 623 2425 ΒΑ
642 2398 674 2437 (e
688 2401 749 2436 pro
766 2398 800 2436 o)
932 2398 953 2426 6
976 2396 1105 2426 tenedit
1125 2395 1169 2425 CA

1458 2113 1496 2134 10
