1684 2763
213 143 266 179 M.
299 142 419 180 VAL.
454 141 765 179 MARTIALIS

643 253 879 290 LXXXVII

214 324 409 360 Infantem
440 336 573 361 secum
604 336 757 373 semper
786 330 852 360 tua
883 324 1014 368 Bassa,
1046 322 1220 368 Fabulle,

265 389 445 426 conlocat
475 395 512 426 et
541 389 648 426 lusus
677 387 916 437 deliciasque
944 394 1067 434 vocat,

213 461 260 499 et,
294 466 372 502 quo
402 452 550 491 mireris
580 452 714 502 magis,
745 452 950 491 infantaria
979 465 1059 490 non
1090 459 1158 490 est.

268 519 371 568 Ergo
401 517 495 567 quid
526 517 564 555 in
595 531 712 556 causa
740 519 827 555 est?
883 518 1032 555 Pedere
1062 518 1183 554 Bassa
1212 517 1319 554 solet.

642 615 902 652 LXXXVIII

216 687 333 724 Nulla
362 685 541 724 remisisti
571 698 689 734 parvo
720 698 789 734 pro
819 697 980 722 munere
1009 685 1124 730 dona,

269 759 305 788 et
334 750 411 788 iam
441 749 596 788 Saturni
626 749 801 799 quinque
831 751 938 788 fuere
967 748 1062 788 dies.

216 829 305 865 ergo
335 828 407 853 nec
436 814 584 864 argenti
614 828 680 853 sex
709 814 876 864 scripula
906 813 1117 863 Septiciani

270 880 386 918 missa
415 893 488 917 nec
517 893 540 918 a
569 881 733 929 querulo
763 892 907 929 mappa
935 879 1078 917 cliente
1107 878 1189 925 fuit,

216 944 476 994 Antipolitani
505 957 577 982 nec
606 957 707 994 quae
736 944 786 982 de
816 943 1004 993 sanguine
1033 942 1171 992 thynni

271 1018 368 1048 testa
398 1010 521 1057 rubet,
554 1023 626 1048 nec
657 1023 757 1059 quae
787 1017 945 1047 cottana
973 1022 1090 1059 parva
1118 1007 1224 1058 gerit,

218 1089 290 1113 nec
319 1088 546 1126 rugosarum
576 1073 706 1112 vimen
735 1074 852 1112 breve
883 1073 1126 1119 Picenarum,

271 1140 400 1178 dicere
431 1147 468 1177 te
497 1152 632 1189 posses
662 1146 703 1176 ut
733 1138 957 1176 meminisse
988 1138 1095 1176 mei?

219 1204 390 1254 decipies
420 1204 516 1242 alios
546 1204 672 1242 verbis
702 1205 889 1253 voltuque
917 1203 1101 1253 benigno,

274 1283 363 1307 nam
394 1269 488 1307 mihi
518 1268 594 1306 iam
625 1276 741 1307 notus
771 1268 1035 1306 dissimulator
1064 1267 1147 1305 eris.

668 1368 881 1404 LXXXIX

329 1439 428 1484 Ohe,
460 1437 535 1475 iam
567 1437 658 1475 satis
688 1445 755 1483 est,
788 1438 875 1484 ohe,
907 1436 1047 1483 libelle,

329 1503 404 1540 iam
435 1501 683 1552 pervenimus
713 1515 838 1550 usque
867 1502 917 1539 ad
948 1499 1166 1538 umbilicos.

331 1575 369 1604 tu
400 1567 612 1615 procedere
641 1566 771 1603 adhuc
802 1572 839 1602 et
869 1564 921 1602 ire
951 1563 1115 1614 quaeris,

331 1643 403 1668 nec
432 1644 585 1669 summa
615 1637 726 1680 potes
756 1629 794 1666 in
825 1629 961 1667 schida
991 1627 1123 1674 teneri,

331 1695 385 1733 sic
416 1703 616 1744 tamquam
647 1694 717 1732 tibi
746 1708 806 1732 res
835 1702 991 1743 peracta
1021 1706 1101 1731 non
1131 1692 1190 1739 sit,

331 1773 432 1809 quae
461 1759 585 1809 prima
614 1772 773 1808 quoque
802 1758 943 1808 pagina
971 1765 1127 1807 peracta
1155 1764 1223 1795 est.

332 1824 407 1862 iam
438 1825 559 1862 lector
587 1823 839 1872 queriturque
868 1822 1091 1871 deficitque,

333 1888 408 1926 iam
439 1887 614 1926 librarius
644 1889 719 1926 hoc
749 1895 786 1926 et
815 1887 898 1937 ipse
927 1886 1022 1925 dicit

336 1953 457 2000 ‘Ohe‚
489 1952 566 1990 iarn
596 1952 687 1991 satis
717 1960 785 1999 est,
817 1953 903 1998 ohe,
935 1951 1088 1989 libelle.’

1507 1279 1544 1301 10

272 2055 470 2086 LXXXVII
496 2055 568 2086 lmb.
595 2055 623 2085 T
753 2065 765 2085 1
793 2054 914 2086 catulle
935 2054 993 2084 ΛΑ
1013 2053 1081 2094 (sed
1095 2054 1128 2084 in
1147 2054 1259 2085 lemm.
1281 2063 1328 2084 AD
1348 2053 1547 2092 FABVLLVM)

228 2111 246 2129 2
272 2104 367 2130 uocat
384 2100 514 2129 AACA:
541 2099 619 2129 facit
636 2098 689 2128 BA
821 2108 839 2136 3
863 2108 929 2136 quo
946 2097 1005 2127 ΑΑ
1023 2108 1030 2128 :
1055 2098 1142 2136 quod
1162 2097 1268 2127 BACA

272 2142 486 2173 LXXXVIII
513 2153 561 2173 vv.
583 2152 656 2183 1-2‚
676 2142 844 2180 7ss10l1al2.
867 2141 907 2178 T;
936 2151 984 2172 vv.
1000 2151 1087 2180 9·¹0
1103 2141 1137 2171 R
1207 2185 1211 2188 .
1259 2150 1278 2179 3
1304 2139 1354 2170 vel
1367 2139 1547 2179 Septitiani

229 2196 246 2224 5
272 2186 507 2224 Antipolitano
524 2185 576 2215 BA
708 2186 727 2214 8
752 2185 862 2223 possis
885 2184 914 2214 T

275 2229 458 2259 LXXXIX
482 2230 503 2258 6
527 2234 663 2268 peracta
680 2232 730 2258 est
746 2228 799 2257 BA
816 2238 821 2257 :
848 2232 984 2257 notatur
1002 2227 1048 2258 CA
1180 2236 1196 2264 7
1222 2225 1412 2265 defecitque
1430 2225 1482 2255 ΒΑ
