1684 2763
803 136 1269 176 EPIGRAMMATON
1302 140 1406 177 LIB.
1439 142 1471 177 Χ

147 246 308 294 quando
338 245 450 283 fabae
481 244 595 283 nobis
626 244 805 283 modium
835 245 991 283 farrisve
1025 247 1180 293 dedisti,

200 322 289 347 cum
320 316 387 348 tua
417 309 592 347 Niliacus
622 323 709 348 rura
738 311 902 347 colonus
932 312 1045 348 aret?

145 375 306 423 quando
336 374 462 413 brevis
490 374 642 424 gelidae
672 374 790 412 missa
819 382 876 413 est
906 382 996 424 toga
1025 383 1201 426 tempore
1231 377 1421 416 brumae?

198 439 345 488 argenti
375 439 480 478 venit
510 441 671 490 quando
702 439 843 478 selibra
873 440 1000 478 mihi?

146 503 211 541 Nil
240 503 347 543 aliud
376 504 492 543 video
522 518 602 554 quo
632 512 669 543 te
698 505 905 543 credamus
934 505 1105 543 amicum

198 582 314 619 quam
347 571 454 620 quod
484 584 548 608 me
577 583 708 609 coram
739 571 894 620 pedere,
926 570 1075 621 Crispe,
1107 573 1219 610 soles.
1441 591 1476 611 10

578 687 676 724 XVI
709 686 818 737 (xv)

146 774 315 811 Dotatae
345 773 452 810 uxori
483 786 550 810 cor
578 772 799 811 harundine
829 772 910 810 fixit
939 780 1063 820 acuta,

198 838 267 875 sed
298 839 393 876 dum
425 838 524 876 ludit
554 840 683 888 Aper:
723 839 858 876 ludere
892 837 1000 876 novit
1032 840 1148 888 Aper.

533 949 654 985 XVII
686 947 819 998 (XVI)

142 1034 179 1073 Si
210 1036 358 1074 donare
387 1048 504 1073 vocas
535 1034 761 1084 promittere
792 1047 866 1073 nec
895 1036 998 1081 dare,
1033 1035 1119 1083 Gai,

194 1100 349 1138 vincam
380 1106 418 1138 te
448 1099 563 1138 donis
594 1099 903 1149 muneribusque
934 1099 1041 1138 meis.

141 1165 277 1215 accipe
308 1164 490 1204 Callaicis
521 1164 716 1214 quidquid
746 1164 846 1202 fodit
876 1166 995 1202 Astur
1024 1164 1063 1202 in
1093 1165 1203 1212 arvis,

194 1243 310 1268 aurea
339 1229 535 1280 quidquid
565 1230 685 1268 habet
714 1229 844 1267 divitis
875 1231 983 1267 unda
1011 1229 1119 1279 Tagi,

141 1295 334 1345 quidquid
366 1296 580 1344 Erythraea
609 1294 717 1344 niger
746 1294 895 1333 invenit
926 1296 1051 1333 Indus
1082 1295 1121 1333 in
1151 1297 1248 1346 alga,

194 1360 388 1410 quidquid
418 1367 456 1399 et
485 1360 524 1398 in
555 1359 657 1398 nidis
688 1359 804 1398 unica
834 1368 959 1398 servat
988 1360 1081 1407 avis,

140 1426 334 1476 quidquid
364 1428 573 1476 Agenoreo
603 1428 727 1475 Tyros
758 1425 924 1475 inproba
953 1426 1057 1475 cogit
1085 1427 1238 1464 aheno:

193 1491 387 1541 quidquid
417 1492 566 1530 habent
596 1504 746 1537 omnes,
778 1490 924 1541 accipe,
957 1493 1162 1541 quomodo
1197 1492 1277 1529 das.

540 1608 685 1644 XVIII
715 1605 874 1656 (XVII)

138 1694 395 1733 Saturnalicio
426 1695 606 1732 Macrum
636 1695 814 1732 fraudare
842 1692 988 1730 tributo

192 1761 340 1806 frustra,
374 1761 502 1806 Musa,
533 1758 667 1808 cupis:
706 1772 787 1796 non
817 1758 929 1796 licet:
974 1757 1056 1808 ipse
1086 1758 1207 1808 petit3

139 1826 428 1874 sollemnesque
458 1823 566 1862 iocos
596 1837 670 1862 nec
699 1823 822 1862 tristia
851 1822 1024 1862 carmina
1052 1823 1179 1873 poscit

191 1897 229 1928 et
258 1889 431 1940 queritur
459 1902 580 1939 nugas
609 1888 823 1927 obticuisse
852 1902 970 1926 meas.

140 1968 364 1993 mensorum
394 1954 520 2004 longis
550 1955 619 1992 sed
649 1967 754 1992 nunc
784 1960 895 1991 vacat
924 1953 988 1992 ille
1017 1952 1168 1992 libellis.

193 2019 333 2070 Appia,
366 2018 461 2069 quid
490 2019 620 2066 facies,
652 2018 683 2057 si
713 2018 804 2069 legit
834 2018 907 2056 ista
938 2020 1106 2057 Macer?

183 2133 202 2161 5
227 2123 373 2152 modium
392 2123 486 2153 nobis
499 2122 556 2152 ΛΑ
574 2134 580 2153 :
605 2133 635 2153 n.
653 2133 693 2152 m.
710 2122 786 2152 BA:
812 2122 961 2152 modium
980 2121 1064 2161 (om.
1084 2120 1193 2159 nobis)
1209 2121 1257 2151 CA
1332 2121 1473 2151 farrisue

139 2165 275 2196 ΑΑΒΑι
298 2167 462 2205 farrisque
482 2166 527 2197 CA
662 2168 682 2196 8
705 2175 774 2204 arg.
794 2169 845 2196 etc.
869 2165 1006 2195 AABA:
1031 2175 1102 2203 arg.
1125 2165 1260 2204 quando
1281 2165 1382 2195 missa
1398 2165 1474 2195 seli—

141 2210 199 2239 bra
215 2209 295 2238 mihi
313 2214 365 2239 est
385 2209 431 2240 CA
535 2220 556 2248 9
579 2210 668 2248 quod
690 2209 719 2239 T
966 2208 1046 2239 XVI
1072 2209 1147 2238 lmb.
1171 2208 1200 2238 T
1304 2219 1316 2237 1
1345 2218 1404 2238 cur
1419 2208 1472 2237 BA

139 2263 158 2282 2
182 2263 256 2282 cum
274 2252 307 2281 P
588 2252 686 2282 XVII
714 2252 785 2282 hab.
811 2252 841 2282 T
946 2261 965 2289 3
990 2251 1141 2289 gallaciis
1164 2262 1239 2281 corr.
1263 2251 1416 2290 gallaicis
1439 2255 1475 2280 ut

140 2295 201 2326 vid.
221 2295 269 2325 CA
288 2294 408 2335 (ganas
423 2294 529 2334 EXV,
547 2296 698 2334 gallaciis
710 2295 760 2335 Α)
895 2303 913 2332 5
938 2294 1029 2325 intus
1049 2294 1095 2325 CA
1115 2296 1194 2334 (non
1211 2294 1262 2334 A>
1394 2296 1414 2323 6
1441 2301 1472 2323 et

139 2350 204 2370 mn.
226 2338 273 2368 CA
363 2338 479 2368 nitidis
495 2349 571 2370 corr.
595 2339 683 2369 nidis
702 2342 738 2368 ut
753 2338 814 2368 vid.
832 2337 879 2368 CA
1014 2349 1030 2376 7
1056 2338 1183 2378 aheno]
1203 2348 1311 2376 aegna
1330 2337 1376 2367 CA

183 2382 297 2412 XVIII
324 2393 342 2420 4
368 2381 557 2413 obtacuisse
577 2382 626 2413 CA
758 2391 777 2421 5
802 2381 899 2412 bellis
917 2384 954 2411 nl
969 2381 1034 2414 vsd.
1058 2381 1107 2413 CA
1239 2383 1259 2410 6
1282 2381 1371 2419 leget
1391 2380 1420 2418 Q
