1684 2763
215 158 269 195 M.
302 157 424 194 VAL.
456 157 768 195 MARTIALIS

214 264 385 314 inquiris,
417 265 584 312 dubitas,
617 265 810 304 cunctaris
841 279 983 315 meque
1013 265 1153 304 diebus

268 339 384 379 teque
413 331 551 368 decem
582 330 756 368 crucias:
795 330 871 368 iam
902 344 1005 380 rogo,
1039 331 1211 378 Phoebe,
1243 343 1351 381 nega.

722 429 821 466 XXI

216 501 447 548 Perpetuam
478 500 620 537 Stellae
649 499 744 536 dum
775 498 898 548 iungit
928 498 1113 537 Ianthida
1141 499 1218 537 vati

267 565 366 602 laeta
396 565 541 609 Venus,
574 562 669 601 dixit
701 564 815 600 ‘Plus
845 564 937 601 dare
966 577 1046 601 non
1076 563 1209 613 potui.'

214 630 311 666 haec
340 641 469 666 coram
501 627 690 675 domina3
727 628 797 665 sed
827 627 992 676 nequius
1022 627 1118 666 illud
1148 628 1186 666 in
1216 641 1330 666 aure:

271 694 353 730 ‘Tu
384 706 434 730 ne
463 692 559 741 quid
589 705 738 741 pecces,
772 691 942 738 exidose,
975 692 1075 730 vide.

214 771 329 807 saepe
359 770 431 806 ego
461 757 647 794 lascivom
679 758 848 795 Martem
878 756 1089 795 furibunda
1118 756 1254 804 cecidi,
1524 771 1542 804 5

268 822 460 871 legitimos
490 829 591 860 esset
621 835 711 859 cum
740 834 860 871 vagus
888 829 979 859 ante
1009 829 1124 860 toros.

215 888 283 925 sed
314 894 523 937 postquam
555 900 664 924 meus
694 894 762 933 est,
795 888 901 924 nulla
930 900 993 924 me
1023 886 1172 935 paelice
1201 886 1334 924 laesit:

268 959 345 988 tarn
377 951 474 1000 frugi
505 952 607 988 Iuno
636 952 751 988 vellet
781 951 925 988 habere
953 950 1103 988 virum.'

218 1016 323 1053 Dixit
353 1024 390 1054 et
419 1029 561 1053 arcano
591 1015 780 1065 percussit
810 1024 969 1064 pectora
998 1017 1092 1054 loro.

269 1082 380 1131 plaga
409 1080 537 1118 iuvat:
577 1081 646 1118 sed
677 1088 717 1118 tu
747 1080 834 1127 iam,
867 1081 951 1127 dea,
983 1081 1105 1119 caede
1134 1081 1244 1118 duos.
1505 1095 1545 1120 ιο

710 1185 831 1221 XXII

325 1255 445 1303 Quod
480 1254 605 1300 nubis,
640 1254 858 1301 Proculina,
889 1254 1114 1292 concubino

322 1328 370 1365 et,
403 1320 613 1357 moechum
644 1320 775 1364 modo,
808 1332 913 1357 nunc
942 1319 1036 1357 facis
1066 1318 1257 1366 maritum,

323 1398 371 1423 ne
401 1386 460 1422 lex
492 1384 591 1422 Iulia
621 1392 658 1423 te
687 1392 822 1423 notare
851 1384 997 1434 possit:

326 1463 405 1488 non
436 1449 561 1495 nubis,
596 1449 814 1496 Proculina,
847 1450 916 1487 sed
946 1448 1085 1486 fateris.

699 1549 844 1585 XXIII

216 1622 323 1657 Stare
353 1618 463 1656 iubes
493 1631 646 1667 semper
674 1626 850 1655 nostrum
881 1616 960 1664 tibi,
994 1616 1150 1664 Lesbia,
1178 1629 1347 1666 penem:

270 1684 385 1721 crede
416 1683 520 1730 mihi,
554 1696 633 1721 non
663 1690 721 1720 est
751 1684 925 1721 mentula
954 1683 1061 1731 quod
1091 1681 1246 1730 digitus.

217 1758 255 1786 tu
288 1748 376 1786 licet
406 1756 443 1786 et
474 1748 655 1785 manibus
685 1747 840 1785 blandis
870 1755 908 1785 et
938 1747 1101 1785 vocibus
1131 1746 1261 1793 instes,

271 1822 307 1850 te
337 1820 471 1851 contra
500 1812 617 1850 facies
647 1812 855 1862 imperiosa
884 1819 950 1849 tua
979 1819 1047 1849 est.

698 1905 838 1941 XXIV

326 1974 392 2013 Nil
422 1974 600 2012 lascivius
631 1981 687 2012 est
718 1973 971 2013 Charisiano:

325 2039 594 2077 Saturnalibus
622 2039 798 2076 ambulat
828 2046 991 2088 togatus.

263 2142 328 2172 XX
354 2153 372 2179 4
397 2148 498 2180 teque
527 2142 661 2182 decem]
688 2147 720 2171 te
745 2142 878 2180 quidem
903 2141 932 2171 T
1157 2139 1240 2172 XXI
1266 2150 1315 2171 vv.
1338 2150 1396 2180 1-4
1423 2139 1495 2172 hab.
1521 2139 1550 2169 T

223 2196 234 2215 1
264 2186 414 2216 lanthida
432 2186 480 2215 CA
615 2195 635 2224 3
660 2186 746 2215 hanc
774 2185 821 2215 CA
933 2184 1086 2214 dominas
1101 2188 1135 2214 et
1153 2185 1232 2224 (pro
1248 2194 1305 2213 —na
1322 2188 1385 2222 set,
1403 2184 1449 2215 tle.
1467 2184 1544 2223 sed)

218 2229 271 2259 ΒΑ
361 2229 525 2267 nequiaus
542 2228 595 2257 BA
683 2238 764 2258 aure
781 2228 840 2258 ΑΑ
858 2228 909 2268 (cf
925 2227 1006 2265 Juv.
1028 2227 1072 2257 xi.
1092 2227 1147 2265 59*
1165 2237 1172 2257 z
1202 2237 1315 2256 aurem
1331 2227 1436 2257 ΒΑΕΑ
1526 2235 1545 2265 5

221 2278 361 2302 matrem
379 2271 494 2310 BARPJ
637 2272 657 2300 8
684 2272 749 2301 Iam
770 2271 821 2301 CA
965 2270 1070 2300 uirum
1088 2269 1160 2300 BN:
1187 2270 1293 2300 ioue-m
1314 2270 1362 2299 CA
1506 2279 1546 2299 10

222 2315 324 2345 caede
350 2316 433 2345 duos
457 2315 529 2344 BA:
560 2324 641 2353 pare
666 2316 729 2344 deo
748 2315 817 2345 CA:
847 2323 945 2353 parce
969 2314 1033 2343 deo
1056 2312 1154 2344 Jtal.:
1182 2323 1282 2352 parce
1306 2318 1362 2343 tuo
1387 2313 1547 2343 Heinsius

221 2358 339 2388 XXIII
365 2359 439 2389 lmb.
463 2358 492 2388 T
535 2368 546 2387 1
576 2363 723 2387 nostrum
741 2367 878 2396 semper
893 2357 970 2387 ΑΛς
988 2366 1125 2395 semper
1141 2361 1290 2386 nostrum
1303 2355 1407 2386 BACA
1524 2366 1540 2393 4

220 2412 238 2431 e
257 2407 374 2432 contra
391 2401 448 2430 ΛΑ
464 2412 471 2431 :
496 2408 612 2432 contra
629 2406 662 2431 te
678 2401 784 2431 BACA
800 2412 806 2431 :
831 2406 863 2431 te
882 2404 999 2431 contra
1013 2398 1233 2431 Schneidewin
1524 2399 1527 2403 “
