1684 2763
233 139 289 175 M.
322 139 443 176 VAL.
476 138 788 176 MARTIALIS

585 251 720 288 XVII.
758 250 906 287 Tabula
936 249 1091 286 lusoria.

237 327 325 364 Hae
355 325 450 363 mihi
480 325 540 364 bis
569 339 665 364 seno
695 332 920 363 numeratur
950 331 1093 362 tessera
1122 330 1299 373 puncto;

289 392 462 429 calculus
492 392 565 429 hac
593 390 752 441 gemino
782 390 952 428 discolor
980 390 1093 427 hoste
1122 387 1231 438 perit.

592 499 738 536 XVIII
770 499 893 549 (XX).
929 498 1087 537 Calculi.

239 580 523 618 Insidiosorum
553 579 585 618 si
614 579 715 617 ludis
746 579 847 617 bella
876 580 1083 623 latronum,

290 658 492 694 gemmeus
522 644 594 682 iste
624 643 694 682 tibi
725 643 835 681 miles
865 650 903 681 et
932 642 1055 680 hostis
1086 642 1166 680 erit.

596 753 696 790 XIX
727 751 920 802 (XVIII).
951 753 1088 789 quces.

242 834 338 871 Alea
368 846 485 883 parva
514 845 635 871 nuces
665 841 703 871 et
732 846 813 870 non
843 834 1035 871 damnosa
1064 831 1245 878 videtur;

295 911 412 947 Saepe
442 905 573 935 tamen
604 897 732 947 pueris
762 897 922 935 abstulit
951 897 1016 934 illa
1045 896 1156 935 natis.

537 1007 613 1044 XX
644 1007 790 1057 (XIX).
829 1007 947 1044 leeca
977 1006 1154 1044 libraria.

244 1083 409 1121 Sortitus
439 1084 595 1121 thecam
625 1082 785 1121 calamis
814 1096 963 1120 armare
994 1090 1218 1120 memento:

297 1155 425 1186 cetera
455 1161 526 1185 nos
556 1147 749 1195 dedimus,
782 1155 822 1185 tu
853 1147 996 1185 leviora
1026 1160 1127 1196 para.

622 1256 734 1293 XXI.
771 1256 1074 1304 Graphiarium.

252 1337 361 1374 Haec
392 1335 460 1374 tibi
491 1344 603 1374 erunt
631 1344 779 1374 armata
808 1350 879 1374 suo
908 1335 1124 1386 graphiaria
1153 1337 1275 1374 ferro:

300 1401 331 1439 Si
362 1414 482 1450 puero
511 1401 647 1448 dones,
679 1415 759 1439 non
789 1403 873 1439 leve
904 1415 1046 1439 munus
1076 1400 1156 1438 erit.

604 1511 739 1548 XXII.
770 1511 1089 1560 Deutlksalpium.

253 1585 477 1624 Lentiscum
509 1586 672 1624 melius:
711 1588 780 1624 sed
811 1586 841 1624 si
872 1586 942 1624 tibi
972 1587 1134 1624 frondea
1163 1584 1293 1635 cuspis

303 1651 480 1697 defuerit,
512 1652 650 1689 dentes
679 1651 800 1701 pinna
829 1653 956 1689 levare
986 1659 1126 1701 potest.

609 1760 707 1797 XXI
716 1761 732 1797 Ι
740 1760 769 1797 Ι.
801 1761 839 1797 Α
844 1761 1103 1809 urchcalpz‘um.

254 1835 292 1873 Si
324 1833 393 1872 tibi
424 1846 579 1872 morosa
608 1834 804 1884 prurigine
834 1835 1025 1872 verminat
1054 1834 1166 1879 auris,

307 1912 414 1936 arma
442 1899 582 1936 damus
613 1898 729 1936 tantis
759 1906 850 1948 apta
879 1898 1119 1936 libidinibus.

299 2000 397 2032 XVII
422 2001 495 2031 hah.
516 1999 545 2030 T
620 2010 633 2030 1
662 2001 756 2032 Haec
773 2000 905 2031 AACA:
931 2001 1006 2032 Hac
1023 2000 1076 2030 BA
1164 2005 1291 2039 puncto
1308 2000 1439 2031 AACA:
1464 2001 1578 2040 pineto

258 2046 318 2085 (L)
336 2045 387 2075 vel
399 2045 506 2083 primo
525 2043 578 2083 (Q,
600 2055 667 2075 -ma
683 2044 731 2079 P)
749 2045 801 2074 ΒΑ
821 2048 893 2084 (pro
911 2049 1036 2083 puncto
1048 2049 1109 2084 per
1128 2044 1292 2084 compend.
1312 2044 1417 2084 script.
1429 2044 1454 2083 2)
1560 2054 1578 2073 2

255 2090 317 2119 hac
333 2088 391 2117 ΑΛ
411 2088 463 2127 (ac
487 2086 527 2125 T)
545 2086 599 2115 BA
617 2099 623 2117 :
647 2088 699 2117 hie
719 2087 766 2118 CA
786 2088 882 2118 «haec
899 2088 948 2128 E)
1039 2088 1101 2117 hos
1118 2087 1216 2117 suerit
1240 2087 1268 2117 T

301 2131 418 2161 XVIII
444 2130 515 2160 hab.
543 2129 578 2160 T.
644 2131 725 2160 Post
748 2130 815 2160 XX
841 2132 873 2160 in
898 2130 946 2161 CA
1002 2140 1175 2161 CAchrvs
1191 2131 1274 2161 AA:
1298 2140 1443 2161 CAchm
1459 2130 1514 2160 BA
1531 2130 1578 2169 (in

256 2176 408 2206 lemmate
427 2172 642 2212 praecedentis
665 2175 773 2214 epigr..
792 2175 841 2204 l11‘c
863 2184 1075 2213 TURRlCVLA‚
1100 2174 1226 2204 turbato
1252 2174 1362 2204 ordine
1382 2174 1579 2204 lemmatum

260 2219 293 2249 in
310 2216 518 2256 XVI-XXI)
538 2215 585 2246 CA
760 2216 845 2247 XIX
869 2218 940 2249 hab.
967 2217 997 2248 T
1040 2228 1051 2247 1
1079 2218 1237 2247 uidentur
1252 2216 1286 2246 P
1371 2227 1390 2247 2
1414 2217 1511 2257 pueri
1527 2216 1581 2246 ΒΑ

260 2261 380 2292 obtulit
398 2260 454 2289 ΑΑ
555 2260 609 2290 illa
624 2260 739 2290 ΑΛΒΑ
757 2272 764 2291 z
789 2262 851 2291 ista
869 2261 918 2291 CA
1244 2260 1312 2290 XX
1335 2260 1409 2290 hab.
1431 2260 1462 2290 T

304 2303 386 2334 XXI
413 2301 484 2332 hab.
510 2302 539 2332 T
578 2313 692 2334 THECA
710 2314 882 2334 LIBRARIA
898 2305 951 2334 BA
971 2304 1021 2342 (cs.
1043 2303 1088 2334 ad
1102 2303 1235 2342 XVIII)

306 2345 406 2377 XXII
431 2346 504 2377 lzab.
528 2344 556 2375 T
664 2356 676 2376 1
704 2348 730 2377 si
747 2359 814 2378 om.
842 2347 870 2377 T
1019 2357 1037 2376 2
1063 2348 1163 2377 dente
1181 2346 1229 2377 CA

306 2389 425 2420 XXIII
450 2389 522 2420 lzab.
546 2389 575 2419 T
661 2400 674 2420 1
701 2401 836 2421 murosa
852 2390 905 2421 ΒΑ
994 2401 1093 2421 aures
1109 2390 1224 2420 ΔΑΒΑ
1243 2391 1323 2431 (pro
1339 2389 1415 2429 -ris)
