1684 2763
771 140 1241 178 EPIGRAMMATON
1274 141 1377 178 LIB.
1411 141 1469 178 IV

639 250 746 287 XIII

135 327 312 371 Claudia,
348 327 460 372 Rufe,
495 339 583 365 meo
614 325 727 363 nubit
759 325 967 376 Peregrina
999 326 1197 365 Pudenti:

188 400 315 431 macte
345 399 430 430 esto
460 391 595 438 taedis,
629 404 652 429 o
684 393 929 441 Hymenaee,
963 391 1049 430 tuis,

134 465 211 496 tarn
244 458 345 496 bene
375 471 457 495 rara
487 469 559 495 suo
590 456 805 495 miscentur
834 457 1019 495 cinnama
1049 458 1182 503 nardo,

188 522 360 560 Massica
389 521 554 560 Theseis
585 529 664 560 tam
695 522 798 560 bene
828 521 918 560 vina
947 522 1071 569 favis;

133 600 206 626 nec
237 587 374 626 melius
405 587 548 625 teneris
578 586 793 637 iunguntur
822 587 965 625 vitibus
996 587 1102 631 ulmi,
1448 603 1463 633 ,ε

187 667 259 691 nec
290 654 376 703 plus
407 654 508 691 lotos
538 666 672 702 aquaS‚
705 652 817 691 litora
847 660 994 702 myrtus
1024 660 1139 690 amat.

132 718 303 756 candida
332 726 523 768 perpetuo
553 717 691 763 reside,
725 717 961 763 Concordia,
995 719 1107 762 lecto,

186 791 346 833 tamque
377 783 457 833 pari
488 796 642 832 semper
671 782 719 820 sit
750 784 886 820 Venus
915 796 1042 832 aequa
1072 782 1191 833 iugo:

131 848 265 898 diligat
294 848 359 886 illa
388 839 522 886 senem
554 849 768 897 quondam,
802 849 871 886 sed
901 856 939 886 et
969 848 1053 897 ipsa
1082 848 1221 885 marito

184 921 266 951 tum
298 926 470 963 quoque,
503 926 593 951 cum
625 912 749 958 fuerit,
782 926 862 951 non
893 913 1072 952 videatur
1100 926 1209 951 anus.
1427 928 1464 950 10

641 1002 741 1038 XIV

237 1077 316 1124 Sili,
349 1077 594 1117 Castalidum
624 1078 746 1116 decus
776 1090 964 1123 sororum,

237 1143 304 1194 qui
334 1142 501 1194 periuria
530 1142 683 1180 barbari
712 1142 851 1181 furoris

237 1208 385 1258 ingenti
415 1207 558 1258 premis
588 1221 654 1246 ore
684 1209 936 1258 perfidosque

235 1282 342 1312 astus
374 1273 612 1311 Hannibalis
642 1273 817 1323 levisque
847 1276 1003 1311 Poenos

236 1339 387 1389 magnis
416 1340 556 1378 cedere
586 1339 693 1389 cogis
722 1339 940 1377 Africanis:

238 1406 398 1455 paulum
429 1404 601 1454 seposita
630 1404 846 1450 severitate,

235 1471 331 1508 dum
362 1470 508 1507 blanda
537 1482 656 1518 vagus
686 1470 771 1507 alea
802 1469 1025 1507 December

236 1534 393 1573 incertis
422 1541 536 1572 sonat
565 1534 658 1572 hinc
688 1542 726 1572 et
755 1533 848 1572 hinc
877 1533 1015 1571 fritillis

235 1608 273 1638 et
303 1600 402 1638 ludit
432 1607 544 1649 tropa
573 1599 762 1649 nequiore
792 1601 882 1645 talo,

235 1665 376 1703 nostris
405 1664 485 1703 otia
513 1665 727 1704 commoda
756 1664 957 1710 Camenis,
1423 1680 1460 1702 ιο

235 1744 307 1769 nec
338 1738 447 1769 torva
475 1732 559 1781 lege
588 1732 725 1776 fronte,
758 1731 827 1769 sed
856 1729 1017 1768 remissa

234 1795 386 1834 lascivis
416 1795 598 1834 madidos
627 1795 723 1834 iocis
752 1795 917 1835 libellos

234 1861 289 1899 sic
318 1862 448 1899 forsan
478 1868 587 1899 tener
615 1874 732 1899 ausus
762 1868 821 1900 est
849 1861 1027 1901 Catullus

236 1939 378 1976 magno
409 1926 561 1965 mittere
592 1928 795 1966 Passerem
828 1926 996 1965 Maroni.

1443 1355 1460 1384 tn

171 2030 256 2060 XIII
283 2029 356 2061 lza'u
378 2030 411 2060 R
464 2030 545 2061 Post
561 2030 642 2061 XlV
658 2030 761 2061 colloc.
776 2029 824 2060 CA
919 2041 932 2061 1
953 2029 1071 2061 Cladia
1088 2030 1121 2060 R
1138 2033 1213 2059 aule
1228 2040 1303 2060 corr.
1324 2030 1455 2069 <ets0rl.

125 2074 199 2105 AAl
217 2085 224 2104 z
248 2074 392 2104 Glaudia
418 2077 454 2103 ut
474 2074 538 2105 vid.
564 2075 641 2104 BA:
674 2074 817 2104 Claudia
834 2073 882 2104 CA
987 2074 1083 2103 nubit
1104 2073 1236 2104 AACA3
1270 2075 1384 2112 nupsit
1402 2075 1457 2104 BA

125 2118 258 2157 parenti
278 2118 324 2148 CA
413 2127 432 2147 2
455 2119 537 2148 ades
554 2118 635 2148 AA:
660 2122 734 2149 esto
753 2118 858 2148 BACA
929 2128 948 2147 o
966 2128 1031 2148 om.
1050 2117 1103 2148 ΒΑ
1215 2128 1233 2156 4
1258 2127 1358 2158 quam
1375 2117 1453 2148 ΑΑῑ

125 2167 191 2191 tarn
210 2161 316 2191 BACA
428 2161 449 2190 6
473 2162 557 2192 latos
574 2161 627 2191 ΒΑ
730 2172 751 2201 9
776 2162 911 2200 diligam
928 2161 982 2191 ΒΑ
1075 2162 1147 2201 ipsa
1166 2171 1206 2191 rn.
1226 2161 1286 2190 ΑΑ
1303 2161 1394 2200 (ipse
1413 2171 1454 2191 m„

125 2204 170 2239 R)
190 2205 243 2234 ΒΑ
259 2216 265 2234 :
291 2205 347 2234 illa
364 2214 405 2234 m.
427 2204 474 2234 CA
561 2205 716 2236 maritum
734 2205 790 2235 BA

161 2240 251 2278 'XIV
279 2259 298 2278 2
322 2248 472 2279 barbaris
498 2248 551 2278 ΒΑ
699 2260 719 2287 4
743 2254 837 2280 astus
864 2248 939 2278 BA:
976 2248 1081 2279 fastus
1110 2247 1157 2296 Cf}
1260 2247 1380 2286 plenos
1407 2247 1453 2277 CA

125 2335 144 2363 5
169 2325 252 2356 cede
278 2336 320 2356 ne
345 2324 435 2364 cogit
455 2325 501 2356 CA
636 2335 652 2364 7
677 2335 784 2365 uagus
808 2325 906 2365 piger
931 2325 986 2355 ΒΑ
1014 2324 1089 2365 (pro
1111 2299 1216 2364 υιέἓῗιὲ
1243 2324 1292 2355 vel
1319 2299 1428 2364 ἰξίιὲἓῑ)
1448 2335 1453 2352 :

125 2378 231 2406 uagus
261 2368 310 2399 CA
485 2380 506 2409 9
528 2374 624 2410 tropa
649 2369 842 2401 Brodaeus:
874 2379 963 2410 popa
991 2369 1067 2399 BA:
1087 2374 1160 2400 rota
1183 2368 1228 2400 CA
1415 2377 1450 2406 14

126 2412 254 2442 marino
271 2411 323 2440 ΒΑ
