<?xml version="1.0" encoding="UTF-8"?>
<!DOCTYPE html PUBLIC "-//W3C//DTD XHTML 1.0 Transitional//EN"
    "http://www.w3.org/TR/xhtml1/DTD/xhtml1-transitional.dtd">
<html xmlns="http://www.w3.org/1999/xhtml" xml:lang="en" lang="en">
 <head>
  <title>
</title>
<meta http-equiv="Content-Type" content="text/html;charset=utf-8" />
  <meta name='ocr-system' content='tesseract 3.04.00' />
  <meta name='ocr-capabilities' content='ocr_page ocr_carea ocr_par ocr_line ocrx_word'/>
</head>
<body>
  <div class='ocr_page' id='page_1' title='image "./epigrammatarecog00martuoft/epigrammatarecog00martuoft_0447.png"; bbox 0 0 1684 2763; ppageno 0'>
   <div class='ocr_carea' id='block_1_1' title="bbox 730 157 1470 195">
    <p class='ocr_par' dir='ltr' id='par_1_1' title="bbox 730 157 1470 195">
     <span class='ocr_line' id='line_1_1' title="bbox 730 157 1470 195; baseline -0.001 -1"><span class='ocrx_word' id='word_1_1' title='bbox 730 157 1202 195; x_wconf 79' lang='lat' dir='ltr'><strong>EPIGRAMMATON</strong></span> <span class='ocrx_word' id='word_1_2' title='bbox 1234 158 1338 194; x_wconf 84' lang='lat' dir='ltr'>LIB.</span> <span class='ocrx_word' id='word_1_3' title='bbox 1372 158 1470 194; x_wconf 86' lang='lat' dir='ltr'>XIV</span> 
     </span>
    </p>
   </div>
   <div class='ocr_carea' id='block_1_2' title="bbox 482 281 1011 320">
    <p class='ocr_par' dir='ltr' id='par_1_2' title="bbox 482 281 1011 320">
     <span class='ocr_line' id='line_1_2' title="bbox 482 281 1011 320; baseline 0.004 -3"><span class='ocrx_word' id='word_1_4' title='bbox 482 281 630 320; x_wconf 89' lang='lat' dir='ltr'><strong>XCIV.</strong></span> <span class='ocrx_word' id='word_1_5' title='bbox 668 281 812 319; x_wconf 66' lang='lat' dir='ltr'>Calices</span> <span class='ocrx_word' id='word_1_6' title='bbox 841 282 1011 319; x_wconf 70' lang='lat' dir='ltr'>audaces.</span> 
     </span>
    </p>
   </div>
   <div class='ocr_carea' id='block_1_3' title="bbox 138 357 1154 472">
    <p class='ocr_par' dir='ltr' id='par_1_3' title="bbox 138 357 1154 472">
     <span class='ocr_line' id='line_1_3' title="bbox 138 357 1143 407; baseline 0 -13"><span class='ocrx_word' id='word_1_7' title='bbox 138 357 223 395; x_wconf 91' lang='lat' dir='ltr'>Nos</span> <span class='ocrx_word' id='word_1_8' title='bbox 253 370 388 395; x_wconf 85' lang='lat' dir='ltr'>sumus</span> <span class='ocrx_word' id='word_1_9' title='bbox 418 357 580 396; x_wconf 89' lang='lat' dir='ltr'>audacis</span> <span class='ocrx_word' id='word_1_10' title='bbox 611 357 767 407; x_wconf 86' lang='lat' dir='ltr'>plebeia</span> <span class='ocrx_word' id='word_1_11' title='bbox 796 365 1017 396; x_wconf 74' lang='lat' dir='ltr'>toreumata</span> <span class='ocrx_word' id='word_1_12' title='bbox 1045 357 1143 403; x_wconf 83' lang='lat' dir='ltr'>vitri,</span> 
     </span>
     <span class='ocr_line' id='line_1_4' title="bbox 191 422 1154 472; baseline 0.001 -13"><span class='ocrx_word' id='word_1_13' title='bbox 191 430 323 460; x_wconf 83' lang='lat' dir='ltr'>nostra</span> <span class='ocrx_word' id='word_1_14' title='bbox 352 436 482 472; x_wconf 86' lang='lat' dir='ltr'>neque</span> <span class='ocrx_word' id='word_1_15' title='bbox 510 422 663 461; x_wconf 84' lang='lat' dir='ltr'>ardenti</span> <span class='ocrx_word' id='word_1_16' title='bbox 693 436 850 472; x_wconf 81' lang='lat' dir='ltr'>gemma</span> <span class='ocrx_word' id='word_1_17' title='bbox 879 422 1012 461; x_wconf 88' lang='lat' dir='ltr'>feritur</span> <span class='ocrx_word' id='word_1_18' title='bbox 1041 436 1154 472; x_wconf 83' lang='lat' dir='ltr'>aqua.</span> 
     </span>
    </p>
   </div>
   <div class='ocr_carea' id='block_1_4' title="bbox 423 527 1067 566">
    <p class='ocr_par' dir='ltr' id='par_1_4' title="bbox 423 527 1067 566">
     <span class='ocr_line' id='line_1_5' title="bbox 423 527 1067 566; baseline 0 -2"><span class='ocrx_word' id='word_1_19' title='bbox 423 527 550 566; x_wconf 88' lang='lat' dir='ltr'>XCV.</span> <span class='ocrx_word' id='word_1_20' title='bbox 580 527 728 564; x_wconf 71' lang='lat' dir='ltr'>Phiala</span> <span class='ocrx_word' id='word_1_21' title='bbox 757 541 878 565; x_wconf 77' lang='lat' dir='ltr'>aurea</span> <span class='ocrx_word' id='word_1_22' title='bbox 907 529 1067 565; x_wconf 76' lang='lat' dir='ltr'>caelata.</span> 
     </span>
    </p>
   </div>
   <div class='ocr_carea' id='block_1_5' title="bbox 138 602 1160 718">
    <p class='ocr_par' dir='ltr' id='par_1_5' title="bbox 138 602 1160 718">
     <span class='ocr_line' id='line_1_6' title="bbox 138 602 1146 652; baseline 0 -12"><span class='ocrx_word' id='word_1_23' title='bbox 138 602 330 651; x_wconf 83' lang='lat' dir='ltr'>Quamvis</span> <span class='ocrx_word' id='word_1_24' title='bbox 361 603 536 642; x_wconf 59' lang='lat' dir='ltr'>Callaico</span> <span class='ocrx_word' id='word_1_25' title='bbox 566 604 728 641; x_wconf 81' lang='lat' dir='ltr'>rubeam</span> <span class='ocrx_word' id='word_1_26' title='bbox 757 616 947 652; x_wconf 82' lang='lat' dir='ltr'>generosa</span> <span class='ocrx_word' id='word_1_27' title='bbox 977 604 1146 649; x_wconf 87' lang='lat' dir='ltr'>metallo⁷</span> 
     </span>
     <span class='ocr_line' id='line_1_7' title="bbox 191 668 1160 718; baseline 0.001 -13"><span class='ocrx_word' id='word_1_28' title='bbox 191 668 335 718; x_wconf 83' lang='lat' dir='ltr'>glorior</span> <span class='ocrx_word' id='word_1_29' title='bbox 363 676 445 707; x_wconf 90' lang='lat' dir='ltr'>arte</span> <span class='ocrx_word' id='word_1_30' title='bbox 475 668 626 718; x_wconf 83' lang='lat' dir='ltr'>magis:</span> <span class='ocrx_word' id='word_1_31' title='bbox 666 682 757 706; x_wconf 87' lang='lat' dir='ltr'>nam</span> <span class='ocrx_word' id='word_1_32' title='bbox 790 670 907 718; x_wconf 86' lang='lat' dir='ltr'>Myos</span> <span class='ocrx_word' id='word_1_33' title='bbox 937 668 1009 707; x_wconf 83' lang='lat' dir='ltr'>iste</span> <span class='ocrx_word' id='word_1_34' title='bbox 1039 668 1160 706; x_wconf 83' lang='lat' dir='ltr'>labor.</span> 
     </span>
    </p>
   </div>
   <div class='ocr_carea' id='block_1_6' title="bbox 490 772 1014 812">
    <p class='ocr_par' dir='ltr' id='par_1_6' title="bbox 490 772 1014 812">
     <span class='ocr_line' id='line_1_8' title="bbox 490 772 1014 812; baseline 0.002 -2"><span class='ocrx_word' id='word_1_35' title='bbox 490 773 637 812; x_wconf 85' lang='lat' dir='ltr'><strong>XCVI.</strong></span> <span class='ocrx_word' id='word_1_36' title='bbox 673 772 818 810; x_wconf 73' lang='lat' dir='ltr'>Calices</span> <span class='ocrx_word' id='word_1_37' title='bbox 858 773 1014 811; x_wconf 71' lang='lat' dir='ltr'>Vall&#39;m&#39;l&#39;.</span> 
     </span>
    </p>
   </div>
   <div class='ocr_carea' id='block_1_7' title="bbox 138 848 1050 964">
    <p class='ocr_par' dir='ltr' id='par_1_7' title="bbox 138 848 1050 964">
     <span class='ocr_line' id='line_1_9' title="bbox 138 848 1050 887; baseline 0 -1"><span class='ocrx_word' id='word_1_38' title='bbox 138 848 241 887; x_wconf 87' lang='lat' dir='ltr'>Vilia</span> <span class='ocrx_word' id='word_1_39' title='bbox 272 848 412 886; x_wconf 85' lang='lat' dir='ltr'>sutoris</span> <span class='ocrx_word' id='word_1_40' title='bbox 443 848 607 887; x_wconf 78' lang='lat' dir='ltr'>calicem</span> <span class='ocrx_word' id='word_1_41' title='bbox 638 849 885 887; x_wconf 85' lang='lat' dir='ltr'>monimenta</span> <span class='ocrx_word' id='word_1_42' title='bbox 914 848 1050 886; x_wconf 85' lang='lat' dir='ltr'>Vatini</span> 
     </span>
     <span class='ocr_line' id='line_1_10' title="bbox 192 913 1004 964; baseline -0.001 -12"><span class='ocrx_word' id='word_1_43' title='bbox 192 913 354 964; x_wconf 79' lang='lat' dir='ltr'>accipe3</span> <span class='ocrx_word' id='word_1_44' title='bbox 394 915 463 952; x_wconf 86' lang='lat' dir='ltr'>sed</span> <span class='ocrx_word' id='word_1_45' title='bbox 494 927 612 952; x_wconf 85' lang='lat' dir='ltr'>nasus</span> <span class='ocrx_word' id='word_1_46' title='bbox 642 914 797 963; x_wconf 85' lang='lat' dir='ltr'>longior</span> <span class='ocrx_word' id='word_1_47' title='bbox 826 913 891 952; x_wconf 88' lang='lat' dir='ltr'>ille</span> <span class='ocrx_word' id='word_1_48' title='bbox 921 914 1004 952; x_wconf 90' lang='lat' dir='ltr'>fuit.</span> 
     </span>
    </p>
   </div>
   <div class='ocr_carea' id='block_1_8' title="bbox 408 1019 1061 1066">
    <p class='ocr_par' dir='ltr' id='par_1_8' title="bbox 408 1019 1061 1066">
     <span class='ocr_line' id='line_1_11' title="bbox 408 1019 1061 1066; baseline -0.002 -11"><span class='ocrx_word' id='word_1_49' title='bbox 408 1019 581 1057; x_wconf 90' lang='lat' dir='ltr'>XCVII.</span> <span class='ocrx_word' id='word_1_50' title='bbox 618 1019 759 1056; x_wconf 77' lang='lat' dir='ltr'>Lances</span> <span class='ocrx_word' id='word_1_51' title='bbox 787 1019 1061 1066; x_wconf 56' lang='lat' dir='ltr'>clzzvsendelae.</span> 
     </span>
    </p>
   </div>
   <div class='ocr_carea' id='block_1_9' title="bbox 140 1093 1151 1206">
    <p class='ocr_par' dir='ltr' id='par_1_9' title="bbox 140 1093 1151 1206">
     <span class='ocr_line' id='line_1_12' title="bbox 140 1093 1151 1144; baseline -0.001 -12"><span class='ocrx_word' id='word_1_52' title='bbox 140 1094 315 1132; x_wconf 81' lang='lat' dir='ltr'>Grandia</span> <span class='ocrx_word' id='word_1_53' title='bbox 345 1107 395 1132; x_wconf 88' lang='lat' dir='ltr'>ne</span> <span class='ocrx_word' id='word_1_54' title='bbox 424 1093 526 1132; x_wconf 87' lang='lat' dir='ltr'>viola</span> <span class='ocrx_word' id='word_1_55' title='bbox 556 1107 675 1144; x_wconf 84' lang='lat' dir='ltr'>parvo</span> <span class='ocrx_word' id='word_1_56' title='bbox 705 1095 969 1143; x_wconf 72' lang='lat' dir='ltr'>chrysendeta</span> <span class='ocrx_word' id='word_1_57' title='bbox 1004 1095 1151 1131; x_wconf 89' lang='lat' dir='ltr'>mullo:</span> 
     </span>
     <span class='ocr_line' id='line_1_13' title="bbox 193 1158 1103 1206; baseline 0.001 -10"><span class='ocrx_word' id='word_1_58' title='bbox 193 1167 235 1197; x_wconf 88' lang='lat' dir='ltr'>ut</span> <span class='ocrx_word' id='word_1_59' title='bbox 265 1158 484 1206; x_wconf 84' lang='lat' dir='ltr'>minimum,</span> <span class='ocrx_word' id='word_1_60' title='bbox 518 1159 635 1197; x_wconf 84' lang='lat' dir='ltr'>libras</span> <span class='ocrx_word' id='word_1_61' title='bbox 666 1159 787 1197; x_wconf 87' lang='lat' dir='ltr'>debet</span> <span class='ocrx_word' id='word_1_62' title='bbox 817 1160 963 1197; x_wconf 87' lang='lat' dir='ltr'>habere</span> <span class='ocrx_word' id='word_1_63' title='bbox 993 1160 1103 1197; x_wconf 81' lang='lat' dir='ltr'>duas.</span> 
     </span>
    </p>
   </div>
   <div class='ocr_carea' id='block_1_10' title="bbox 463 1258 1042 1297">
    <p class='ocr_par' dir='ltr' id='par_1_10' title="bbox 463 1258 1042 1297">
     <span class='ocr_line' id='line_1_14' title="bbox 463 1258 1042 1297; baseline 0.002 -2"><span class='ocrx_word' id='word_1_64' title='bbox 463 1258 659 1297; x_wconf 85' lang='lat' dir='ltr'>XCVIII.</span> <span class='ocrx_word' id='word_1_65' title='bbox 702 1260 802 1296; x_wconf 78' lang='lat' dir='ltr'>Vasa</span> <span class='ocrx_word' id='word_1_66' title='bbox 837 1259 1042 1296; x_wconf 71' lang='lat' dir='ltr'>Arretina.</span> 
     </span>
    </p>
   </div>
   <div class='ocr_carea' id='block_1_11' title="bbox 140 1333 1122 1439">
    <p class='ocr_par' dir='ltr' id='par_1_11' title="bbox 140 1333 1122 1439">
     <span class='ocr_line' id='line_1_15' title="bbox 140 1333 1122 1385; baseline 0.001 -14"><span class='ocrx_word' id='word_1_67' title='bbox 140 1333 321 1372; x_wconf 85' lang='lat' dir='ltr'>Arretina</span> <span class='ocrx_word' id='word_1_68' title='bbox 349 1333 465 1372; x_wconf 89' lang='lat' dir='ltr'>nimis</span> <span class='ocrx_word' id='word_1_69' title='bbox 496 1348 545 1373; x_wconf 89' lang='lat' dir='ltr'>ne</span> <span class='ocrx_word' id='word_1_70' title='bbox 575 1348 735 1385; x_wconf 81' lang='lat' dir='ltr'>spernas</span> <span class='ocrx_word' id='word_1_71' title='bbox 765 1347 857 1372; x_wconf 87' lang='lat' dir='ltr'>vasa</span> <span class='ocrx_word' id='word_1_72' title='bbox 887 1347 1122 1372; x_wconf 90' lang='lat' dir='ltr'>monemus:</span> 
     </span>
     <span class='ocr_line' id='line_1_16' title="bbox 193 1399 1040 1439; baseline 0 -1"><span class='ocrx_word' id='word_1_73' title='bbox 193 1401 322 1438; x_wconf 85' lang='lat' dir='ltr'>lautus</span> <span class='ocrx_word' id='word_1_74' title='bbox 352 1407 433 1438; x_wconf 89' lang='lat' dir='ltr'>erat</span> <span class='ocrx_word' id='word_1_75' title='bbox 462 1399 603 1438; x_wconf 89' lang='lat' dir='ltr'>Tuscis</span> <span class='ocrx_word' id='word_1_76' title='bbox 639 1402 813 1439; x_wconf 79' lang='lat' dir='ltr'>Porsena</span> <span class='ocrx_word' id='word_1_77' title='bbox 842 1399 1040 1438; x_wconf 86' lang='lat' dir='ltr'>fictilibus.</span> 
     </span>
    </p>
   </div>
   <div class='ocr_carea' id='block_1_12' title="bbox 553 1504 960 1542">
    <p class='ocr_par' dir='ltr' id='par_1_12' title="bbox 553 1504 960 1542">
     <span class='ocr_line' id='line_1_17' title="bbox 553 1504 960 1542; baseline 0 -2"><span class='ocrx_word' id='word_1_78' title='bbox 553 1504 704 1542; x_wconf 83' lang='lat' dir='ltr'><strong>XCIX.</strong></span> <span class='ocrx_word' id='word_1_79' title='bbox 736 1504 960 1541; x_wconf 72' lang='lat' dir='ltr'>Bascauda.</span> 
     </span>
    </p>
   </div>
   <div class='ocr_carea' id='block_1_13' title="bbox 142 1579 1122 1686">
    <p class='ocr_par' dir='ltr' id='par_1_13' title="bbox 142 1579 1122 1686">
     <span class='ocr_line' id='line_1_18' title="bbox 142 1579 1122 1629; baseline -0.001 -12"><span class='ocrx_word' id='word_1_80' title='bbox 142 1580 314 1617; x_wconf 85' lang='lat' dir='ltr'>Barbara</span> <span class='ocrx_word' id='word_1_81' title='bbox 342 1580 392 1618; x_wconf 89' lang='lat' dir='ltr'>de</span> <span class='ocrx_word' id='word_1_82' title='bbox 422 1579 536 1629; x_wconf 85' lang='lat' dir='ltr'>pictis</span> <span class='ocrx_word' id='word_1_83' title='bbox 565 1579 655 1617; x_wconf 88' lang='lat' dir='ltr'>veni</span> <span class='ocrx_word' id='word_1_84' title='bbox 684 1580 883 1618; x_wconf 80' lang='lat' dir='ltr'>bascauda</span> <span class='ocrx_word' id='word_1_85' title='bbox 914 1579 1122 1626; x_wconf 82' lang='lat' dir='ltr'>Britannis,</span> 
     </span>
     <span class='ocr_line' id='line_1_19' title="bbox 195 1645 1117 1686; baseline 0 -2"><span class='ocrx_word' id='word_1_86' title='bbox 195 1647 265 1684; x_wconf 91' lang='lat' dir='ltr'>sed</span> <span class='ocrx_word' id='word_1_87' title='bbox 295 1659 358 1684; x_wconf 88' lang='lat' dir='ltr'>me</span> <span class='ocrx_word' id='word_1_88' title='bbox 388 1645 464 1686; x_wconf 82' lang='lat' dir='ltr'>iam</span> <span class='ocrx_word' id='word_1_89' title='bbox 496 1648 643 1685; x_wconf 84' lang='lat' dir='ltr'>mavolt</span> <span class='ocrx_word' id='word_1_90' title='bbox 673 1645 803 1684; x_wconf 86' lang='lat' dir='ltr'>dicere</span> <span class='ocrx_word' id='word_1_91' title='bbox 834 1647 965 1684; x_wconf 89' lang='lat' dir='ltr'>Roma</span> <span class='ocrx_word' id='word_1_92' title='bbox 995 1659 1117 1684; x_wconf 86' lang='lat' dir='ltr'>suam.</span> 
     </span>
    </p>
   </div>
   <div class='ocr_carea' id='block_1_14' title="bbox 628 1744 879 1783">
    <p class='ocr_par' dir='ltr' id='par_1_14' title="bbox 628 1744 879 1783">
     <span class='ocr_line' id='line_1_20' title="bbox 628 1744 879 1783; baseline 0 0"><span class='ocrx_word' id='word_1_93' title='bbox 628 1745 672 1783; x_wconf 89' lang='lat' dir='ltr'>C.</span> <span class='ocrx_word' id='word_1_94' title='bbox 703 1744 879 1783; x_wconf 72' lang='lat' dir='ltr'>Panaca.</span> 
     </span>
    </p>
   </div>
   <div class='ocr_carea' id='block_1_15' title="bbox 142 1819 1097 1934">
    <p class='ocr_par' dir='ltr' id='par_1_15' title="bbox 142 1819 1097 1934">
     <span class='ocr_line' id='line_1_21' title="bbox 142 1819 1097 1869; baseline -0.001 -11"><span class='ocrx_word' id='word_1_95' title='bbox 142 1819 181 1858; x_wconf 86' lang='lat' dir='ltr'>Si</span> <span class='ocrx_word' id='word_1_96' title='bbox 211 1833 292 1858; x_wconf 89' lang='lat' dir='ltr'>non</span> <span class='ocrx_word' id='word_1_97' title='bbox 322 1820 455 1869; x_wconf 80' lang='lat' dir='ltr'>ignota</span> <span class='ocrx_word' id='word_1_98' title='bbox 484 1827 542 1858; x_wconf 83' lang='lat' dir='ltr'>est</span> <span class='ocrx_word' id='word_1_99' title='bbox 572 1820 680 1858; x_wconf 87' lang='lat' dir='ltr'>docti</span> <span class='ocrx_word' id='word_1_100' title='bbox 709 1819 780 1858; x_wconf 85' lang='lat' dir='ltr'>tibi</span> <span class='ocrx_word' id='word_1_101' title='bbox 811 1828 910 1858; x_wconf 84' lang='lat' dir='ltr'>terra</span> <span class='ocrx_word' id='word_1_102' title='bbox 940 1819 1097 1868; x_wconf 85' lang='lat' dir='ltr'>Catulli,</span> 
     </span>
     <span class='ocr_line' id='line_1_22' title="bbox 194 1884 908 1934; baseline 0.001 -12"><span class='ocrx_word' id='word_1_103' title='bbox 194 1884 339 1934; x_wconf 88' lang='lat' dir='ltr'>potasti</span> <span class='ocrx_word' id='word_1_104' title='bbox 367 1892 467 1923; x_wconf 86' lang='lat' dir='ltr'>testa</span> <span class='ocrx_word' id='word_1_105' title='bbox 497 1885 662 1924; x_wconf 88' lang='lat' dir='ltr'>Raetica</span> <span class='ocrx_word' id='word_1_106' title='bbox 689 1885 780 1924; x_wconf 83' lang='lat' dir='ltr'>vina</span> <span class='ocrx_word' id='word_1_107' title='bbox 809 1899 908 1924; x_wconf 88' lang='lat' dir='ltr'>mea.</span> 
     </span>
    </p>
   </div>
   <div class='ocr_carea' id='block_1_16' title="bbox 142 1988 1477 2463">
    <p class='ocr_par' dir='ltr' id='par_1_16' title="bbox 143 1988 1474 2073">
     <span class='ocr_line' id='line_1_23' title="bbox 185 1988 1474 2029; baseline 0.002 -11"><span class='ocrx_word' id='word_1_108' title='bbox 185 1988 298 2018; x_wconf 89' lang='lat' dir='ltr'>XCIV</span> <span class='ocrx_word' id='word_1_109' title='bbox 348 1999 360 2018; x_wconf 95' lang='lat'>1</span> <span class='ocrx_word' id='word_1_110' title='bbox 383 1988 454 2018; x_wconf 89' lang='lat' dir='ltr'>Nos</span> <span class='ocrx_word' id='word_1_111' title='bbox 468 1988 523 2020; x_wconf 90' lang='lat' dir='ltr'>M:</span> <span class='ocrx_word' id='word_1_112' title='bbox 548 1988 626 2019; x_wconf 89' lang='lat' dir='ltr'>Non</span> <span class='ocrx_word' id='word_1_113' title='bbox 638 1988 745 2020; x_wconf 75' lang='lat' dir='ltr'>BACA</span> <span class='ocrx_word' id='word_1_114' title='bbox 812 1989 946 2028; x_wconf 66' lang='lat' dir='ltr'>sumus]</span> <span class='ocrx_word' id='word_1_115' title='bbox 959 1999 1030 2019; x_wconf 85' lang='lat' dir='ltr'>sum</span> <span class='ocrx_word' id='word_1_116' title='bbox 1045 1988 1094 2019; x_wconf 73' lang='lat' dir='ltr'>CA</span> <span class='ocrx_word' id='word_1_117' title='bbox 1162 1988 1308 2020; x_wconf 83' lang='lat' dir='ltr'>audaces</span> <span class='ocrx_word' id='word_1_118' title='bbox 1318 1989 1474 2029; x_wconf 70' lang='lat' dir='ltr'>BA‚f0rt.</span> 
     </span>
     <span class='ocr_line' id='line_1_24' title="bbox 143 2032 1228 2073; baseline 0.002 -12"><span class='ocrx_word' id='word_1_119' title='bbox 143 2035 239 2062; x_wconf 78' lang='lat' dir='ltr'>recle:</span> <span class='ocrx_word' id='word_1_120' title='bbox 264 2032 400 2062; x_wconf 80' lang='lat' dir='ltr'>audacis</span> <span class='ocrx_word' id='word_1_121' title='bbox 419 2032 467 2062; x_wconf 79' lang='lat' dir='ltr'>CA</span> <span class='ocrx_word' id='word_1_122' title='bbox 557 2043 576 2062; x_wconf 90' lang='lat'><em>2</em></span> <span class='ocrx_word' id='word_1_123' title='bbox 602 2043 663 2062; x_wconf 88' lang='lat' dir='ltr'>nec</span> <span class='ocrx_word' id='word_1_124' title='bbox 683 2033 724 2073; x_wconf 74' lang='lat'>(3)</span> <span class='ocrx_word' id='word_1_125' title='bbox 741 2032 969 2063; x_wconf 73' lang='lat' dir='ltr'>Friedlaender</span> <span class='ocrx_word' id='word_1_126' title='bbox 1034 2032 1162 2062; x_wconf 81' lang='lat' dir='ltr'>seretur</span> <span class='ocrx_word' id='word_1_127' title='bbox 1181 2032 1228 2063; x_wconf 73' lang='lat' dir='ltr'>CA</span> 
     </span>
    </p>

    <p class='ocr_par' dir='ltr' id='par_1_17' title="bbox 142 2075 1475 2202">
     <span class='ocr_line' id='line_1_25' title="bbox 186 2075 1475 2117; baseline 0.002 -12"><span class='ocrx_word' id='word_1_128' title='bbox 186 2075 418 2106; x_wconf 85' lang='lat' dir='ltr'>XCV-XCVI</span> <span class='ocrx_word' id='word_1_129' title='bbox 444 2086 510 2106; x_wconf 83' lang='lat' dir='ltr'>om.</span> <span class='ocrx_word' id='word_1_130' title='bbox 529 2076 585 2106; x_wconf 65' lang='lat' dir='ltr'>BA</span> <span class='ocrx_word' id='word_1_131' title='bbox 607 2078 759 2117; x_wconf 76' lang='lat' dir='ltr'>&lt;propter</span> <span class='ocrx_word' id='word_1_132' title='bbox 777 2076 883 2106; x_wconf 76' lang='lat' dir='ltr'>simile</span> <span class='ocrx_word' id='word_1_133' title='bbox 907 2077 1046 2116; x_wconf 79' lang='lat' dir='ltr'>lemma)</span> <span class='ocrx_word' id='word_1_134' title='bbox 1171 2076 1267 2106; x_wconf 92' lang='lat' dir='ltr'>XCV</span> <span class='ocrx_word' id='word_1_135' title='bbox 1294 2087 1305 2107; x_wconf 92' lang='lat'>1</span> <span class='ocrx_word' id='word_1_136' title='bbox 1333 2077 1475 2116; x_wconf 83' lang='lat' dir='ltr'>gallaico</span> 
     </span>
     <span class='ocr_line' id='line_1_26' title="bbox 142 2117 1475 2161; baseline 0.002 -13"><span class='ocrx_word' id='word_1_137' title='bbox 142 2117 207 2149; x_wconf 88' lang='lat' dir='ltr'>cod.</span> <span class='ocrx_word' id='word_1_138' title='bbox 387 2129 406 2148; x_wconf 86' lang='lat'>2</span> <span class='ocrx_word' id='word_1_139' title='bbox 432 2119 531 2158; x_wconf 81' lang='lat' dir='ltr'>Myos</span> <span class='ocrx_word' id='word_1_140' title='bbox 548 2120 611 2150; x_wconf 84' lang='lat' dir='ltr'>iste</span> <span class='ocrx_word' id='word_1_141' title='bbox 627 2119 745 2152; x_wconf 79' lang='lat' dir='ltr'><em>Ald.2:</em></span> <span class='ocrx_word' id='word_1_142' title='bbox 778 2130 871 2150; x_wconf 86' lang='lat' dir='ltr'>meos</span> <span class='ocrx_word' id='word_1_143' title='bbox 896 2119 951 2150; x_wconf 87' lang='lat' dir='ltr'>isit</span> <span class='ocrx_word' id='word_1_144' title='bbox 975 2124 1012 2150; x_wconf 76' lang='lat' dir='ltr'>ut</span> <span class='ocrx_word' id='word_1_145' title='bbox 1036 2119 1098 2150; x_wconf 81' lang='lat' dir='ltr'><em>vid.</em></span> <span class='ocrx_word' id='word_1_146' title='bbox 1118 2119 1187 2150; x_wconf 83' lang='lat' dir='ltr'>cod.</span> <span class='ocrx_word' id='word_1_147' title='bbox 1208 2122 1319 2161; x_wconf 74' lang='lat' dir='ltr'>(meus</span> <span class='ocrx_word' id='word_1_148' title='bbox 1339 2121 1403 2152; x_wconf 82' lang='lat' dir='ltr'>iste</span> <span class='ocrx_word' id='word_1_149' title='bbox 1419 2120 1475 2160; x_wconf 73' lang='lat' dir='ltr'>X)</span> 
     </span>
     <span class='ocr_line' id='line_1_27' title="bbox 145 2161 1083 2202; baseline 0.002 -11"><span class='ocrx_word' id='word_1_150' title='bbox 145 2162 253 2201; x_wconf 82' lang='lat' dir='ltr'>(meos</span> <span class='ocrx_word' id='word_1_151' title='bbox 264 2167 327 2201; x_wconf 83' lang='lat' dir='ltr'>pro</span> <span class='ocrx_word' id='word_1_152' title='bbox 345 2161 460 2202; x_wconf 83' lang='lat' dir='ltr'>Myos)</span> <span class='ocrx_word' id='word_1_153' title='bbox 742 2163 853 2193; x_wconf 92' lang='lat' dir='ltr'>XCVI</span> <span class='ocrx_word' id='word_1_154' title='bbox 879 2172 1000 2194; x_wconf 76' lang='lat' dir='ltr'>VAT1N1</span> <span class='ocrx_word' id='word_1_155' title='bbox 1018 2163 1083 2194; x_wconf 87' lang='lat' dir='ltr'>cod.</span> 
     </span>
    </p>

    <p class='ocr_par' dir='ltr' id='par_1_18' title="bbox 145 2205 1476 2289">
     <span class='ocr_line' id='line_1_28' title="bbox 187 2205 1476 2247; baseline 0.003 -13"><span class='ocrx_word' id='word_1_156' title='bbox 187 2205 316 2235; x_wconf 91' lang='lat' dir='ltr'>XCVII</span> <span class='ocrx_word' id='word_1_157' title='bbox 342 2215 469 2236; x_wconf 71' lang='lat' dir='ltr'>—DATAE</span> <span class='ocrx_word' id='word_1_158' title='bbox 484 2205 539 2235; x_wconf 72' lang='lat' dir='ltr'>BA</span> <span class='ocrx_word' id='word_1_159' title='bbox 631 2216 644 2236; x_wconf 93' lang='lat'>1</span> <span class='ocrx_word' id='word_1_160' title='bbox 671 2205 761 2237; x_wconf 85' lang='lat' dir='ltr'>uiole</span> <span class='ocrx_word' id='word_1_161' title='bbox 782 2208 866 2247; x_wconf 48' lang='lat' dir='ltr'>(ae)</span> <span class='ocrx_word' id='word_1_162' title='bbox 880 2206 935 2236; x_wconf 66' lang='lat' dir='ltr'>BA</span> <span class='ocrx_word' id='word_1_163' title='bbox 1026 2207 1134 2237; x_wconf 74' lang='lat' dir='ltr'>mulso</span> <span class='ocrx_word' id='word_1_164' title='bbox 1150 2206 1197 2237; x_wconf 75' lang='lat' dir='ltr'>CA</span> <span class='ocrx_word' id='word_1_165' title='bbox 1331 2218 1350 2238; x_wconf 89' lang='lat'><em>2</em></span> <span class='ocrx_word' id='word_1_166' title='bbox 1374 2208 1476 2238; x_wconf 85' lang='lat' dir='ltr'>libras</span> 
     </span>
     <span class='ocr_line' id='line_1_29' title="bbox 145 2248 1127 2289; baseline 0.003 -11"><span class='ocrx_word' id='word_1_167' title='bbox 145 2248 261 2286; x_wconf 63' lang='lat' dir='ltr'>debet]</span> <span class='ocrx_word' id='word_1_168' title='bbox 281 2248 372 2279; x_wconf 85' lang='lat' dir='ltr'>dicas</span> <span class='ocrx_word' id='word_1_169' title='bbox 389 2249 492 2279; x_wconf 85' lang='lat' dir='ltr'>libras</span> <span class='ocrx_word' id='word_1_170' title='bbox 508 2249 569 2287; x_wconf 74' lang='lat' dir='ltr'>CA,</span> <span class='ocrx_word' id='word_1_171' title='bbox 587 2249 674 2280; x_wconf 79' lang='lat' dir='ltr'><em>unde</em></span> <span class='ocrx_word' id='word_1_172' title='bbox 691 2250 794 2281; x_wconf 85' lang='lat' dir='ltr'>libras</span> <span class='ocrx_word' id='word_1_173' title='bbox 813 2250 908 2281; x_wconf 90' lang='lat' dir='ltr'>dicor</span> <span class='ocrx_word' id='word_1_174' title='bbox 925 2250 971 2281; x_wconf 83' lang='lat' dir='ltr'>ed.</span> <span class='ocrx_word' id='word_1_175' title='bbox 991 2261 1022 2280; x_wconf 86' lang='grc' dir='ltr'>α.</span> <span class='ocrx_word' id='word_1_176' title='bbox 1044 2260 1127 2289; x_wconf 85' lang='lat'><strong>1473</strong></span> 
     </span>
    </p>

    <p class='ocr_par' dir='ltr' id='par_1_19' title="bbox 145 2291 1474 2373">
     <span class='ocr_line' id='line_1_30' title="bbox 188 2291 1474 2334; baseline 0.002 -13"><span class='ocrx_word' id='word_1_177' title='bbox 188 2291 334 2322; x_wconf 91' lang='lat' dir='ltr'>XCVIII</span> <span class='ocrx_word' id='word_1_178' title='bbox 361 2302 426 2323; x_wconf 75' lang='lat' dir='ltr'>VAS</span> <span class='ocrx_word' id='word_1_179' title='bbox 445 2292 494 2323; x_wconf 69' lang='lat' dir='ltr'>CA</span> <span class='ocrx_word' id='word_1_180' title='bbox 596 2293 757 2324; x_wconf 87' lang='lat' dir='ltr'>2-XCIX</span> <span class='ocrx_word' id='word_1_181' title='bbox 784 2304 798 2324; x_wconf 91' lang='lat'>1</span> <span class='ocrx_word' id='word_1_182' title='bbox 827 2305 894 2325; x_wconf 81' lang='lat' dir='ltr'>om.</span> <span class='ocrx_word' id='word_1_183' title='bbox 915 2294 972 2324; x_wconf 74' lang='lat' dir='ltr'>BA</span> <span class='ocrx_word' id='word_1_184' title='bbox 996 2294 1149 2334; x_wconf 74' lang='lat' dir='ltr'>(propter</span> <span class='ocrx_word' id='word_1_185' title='bbox 1168 2293 1353 2325; x_wconf 79' lang='lat' dir='ltr'>homoeolcl.</span> <span class='ocrx_word' id='word_1_186' title='bbox 1375 2304 1474 2333; x_wconf 46' lang='lat' dir='ltr'>unus,</span> 
     </span>
     <span class='ocr_line' id='line_1_31' title="bbox 145 2335 226 2373; baseline 0 -8"><span class='ocrx_word' id='word_1_187' title='bbox 145 2335 226 2373; x_wconf 68' lang='lat' dir='ltr'>mis)</span> 
     </span>
    </p>

    <p class='ocr_par' dir='ltr' id='par_1_20' title="bbox 189 2378 1477 2411">
     <span class='ocr_line' id='line_1_32' title="bbox 189 2378 1477 2411; baseline 0.002 -4"><span class='ocrx_word' id='word_1_188' title='bbox 189 2378 306 2409; x_wconf 92' lang='lat' dir='ltr'>XCIX</span> <span class='ocrx_word' id='word_1_189' title='bbox 335 2388 348 2408; x_wconf 92' lang='lat'>1</span> <span class='ocrx_word' id='word_1_190' title='bbox 375 2379 453 2408; x_wconf 88' lang='lat' dir='ltr'>ueni</span> <span class='ocrx_word' id='word_1_191' title='bbox 477 2378 551 2410; x_wconf 82' lang='lat' dir='ltr'><em>Ital.</em></span> <span class='ocrx_word' id='word_1_192' title='bbox 570 2391 576 2409; x_wconf 71' lang='grc' dir='ltr'>ε</span> <span class='ocrx_word' id='word_1_193' title='bbox 595 2380 688 2410; x_wconf 84' lang='lat' dir='ltr'>uenit</span> <span class='ocrx_word' id='word_1_194' title='bbox 704 2380 769 2411; x_wconf 90' lang='lat' dir='ltr'>cod.</span> <span class='ocrx_word' id='word_1_195' title='bbox 906 2391 924 2410; x_wconf 88' lang='lat'>2</span> <span class='ocrx_word' id='word_1_196' title='bbox 949 2385 1072 2410; x_wconf 87' lang='lat' dir='ltr'>metam</span> <span class='ocrx_word' id='word_1_197' title='bbox 1093 2391 1156 2411; x_wconf 87' lang='lat' dir='ltr'>ma.</span> <span class='ocrx_word' id='word_1_198' title='bbox 1174 2380 1231 2410; x_wconf 72' lang='lat' dir='ltr'>BA</span> <span class='ocrx_word' id='word_1_199' title='bbox 1318 2386 1409 2411; x_wconf 84' lang='lat' dir='ltr'>tuam</span> <span class='ocrx_word' id='word_1_200' title='bbox 1429 2380 1477 2411; x_wconf 79' lang='lat' dir='ltr'>CA</span> 
     </span>
    </p>

    <p class='ocr_par' dir='ltr' id='par_1_21' title="bbox 191 2422 1226 2463">
     <span class='ocr_line' id='line_1_33' title="bbox 191 2422 1226 2463; baseline 0.001 -11"><span class='ocrx_word' id='word_1_201' title='bbox 191 2422 218 2453; x_wconf 94' lang='lat' dir='ltr'>C</span> <span class='ocrx_word' id='word_1_202' title='bbox 244 2431 385 2453; x_wconf 78' lang='lat' dir='ltr'>PANAGA</span> <span class='ocrx_word' id='word_1_203' title='bbox 401 2422 478 2453; x_wconf 71' lang='lat' dir='ltr'>BA:</span> <span class='ocrx_word' id='word_1_204' title='bbox 504 2432 641 2454; x_wconf 81' lang='lat' dir='ltr'>PANACA</span> <span class='ocrx_word' id='word_1_205' title='bbox 653 2423 702 2454; x_wconf 73' lang='lat' dir='ltr'>CA</span> <span class='ocrx_word' id='word_1_206' title='bbox 794 2434 808 2454; x_wconf 91' lang='lat'>1</span> <span class='ocrx_word' id='word_1_207' title='bbox 835 2424 983 2463; x_wconf 82' lang='lat' dir='ltr'>ignotast</span> <span class='ocrx_word' id='word_1_208' title='bbox 999 2423 1039 2463; x_wconf 83' lang='lat' dir='ltr'>E,</span> <span class='ocrx_word' id='word_1_209' title='bbox 1046 2423 1130 2463; x_wconf 82' lang='lat' dir='ltr'>fort.</span> <span class='ocrx_word' id='word_1_210' title='bbox 1151 2427 1226 2454; x_wconf 80' lang='lat' dir='ltr'>recte</span> 
     </span>
    </p>
   </div>
  </div>
 </body>
</html>
