1684 2763
774 147 1033 185 EPIGRAM
1041 147 1243 185 MATON
1276 147 1328 184 LI
1337 148 1378 184 B.

643 259 743 295 XIX

144 337 260 373 Hane
291 334 360 373 tibi
392 334 636 384 Sequanicae
665 334 851 385 pinguem
882 334 1052 373 textricis
1081 336 1293 380 alumnam,

195 412 295 449 quae
326 399 687 438 Lacedaemonium
719 399 882 437 barbara
911 413 1058 437 nornen
1088 400 1218 445 habet,

140 464 309 511 sordida,
342 465 411 503 sed
440 464 572 514 gelido
601 478 682 503 non
711 465 959 514 aspernanda
989 464 1202 503 Decembri

195 531 311 577 dona,
344 530 587 580 peregrinam
619 529 810 568 mittimus
840 530 1153 568 endromidaz—

141 610 208 634 seu
240 598 390 635 lentum
421 609 578 635 ceroma
608 596 698 635 teris
729 596 957 646 tepidumve
987 596 1139 645 trigona

196 661 275 700 sive
304 663 487 711 harpasta
517 675 635 699 manu
666 663 937 712 pulverulenta
966 661 1081 712 rapis,

142 728 299 775 plumea
328 740 396 765 seu
426 727 500 765 lavi
530 727 681 777 partiris
710 729 887 778 pondera
915 727 1016 765 follis

195 792 276 830 sive
305 794 431 830 levem
463 806 578 830 cursu
608 792 765 831 vincere
794 792 948 842 quaeris
978 794 1167 830 Athan—

143 872 191 896 ne
222 857 403 896 madidos
433 857 548 896 intret
579 858 821 907 penetrabile
851 857 968 907 frigus
998 858 1037 895 in
1067 866 1172 895 artus

196 936 294 961 neve
322 922 447 972 gravis
477 922 606 961 subita
635 931 673 961 te
702 931 853 973 premat
884 923 955 961 Iris
985 937 1098 972 aqua.

142 987 286 1026 ridebis
316 995 454 1026 ventos
485 989 561 1026 hoc
592 1001 754 1026 munere
784 996 910 1027 tectus
940 996 978 1026 et
1007 987 1143 1026 imbris

196 1066 269 1091 nec
299 1052 354 1090 sic
384 1052 423 1090 in
453 1052 571 1103 Tyria
600 1053 768 1092 sindone
799 1061 905 1091 tutus
935 1053 1019 1092 eris.

662 1154 738 1190 XX

144 1228 250 1267 Dicit
280 1242 321 1267 se
350 1230 531 1275 vetulam,
564 1242 654 1267 cum
686 1229 733 1267 sit
764 1229 955 1268 Caerellia
984 1242 1112 1279 pupa:

196 1307 343 1344 pupam
374 1307 415 1332 se
444 1293 540 1332 dicit
570 1294 708 1341 Gellia,
740 1308 830 1333 cum
861 1294 909 1332 sit
937 1308 1048 1332 anus.

141 1359 238 1397 ferre
268 1371 341 1396 nec
371 1359 473 1396 hane
502 1358 639 1408 possis,
671 1358 808 1409 possis,
841 1358 1010 1407 Colline,
1040 1371 1114 1396 nee
1143 1358 1275 1396 illam:

194 1425 314 1461 altera
343 1423 506 1462 ridicula
535 1431 603 1470 est,
634 1425 754 1462 altera
782 1424 973 1473 putidula.

251 1600 392 1637 Nullos
421 1612 506 1636 esse
535 1599 644 1645 deos,
675 1598 792 1637 inane
821 1599 973 1636 caelum

249 1664 430 1702 adfirmat
461 1663 620 1713 Segius:
660 1664 890 1713 probatque,
923 1664 1031 1713 quod
1062 1676 1103 1701 se

249 1730 407 1775 factum,
440 1730 535 1767 dum
564 1737 680 1779 negat
709 1730 818 1775 haec,
848 1728 955 1767 videt
984 1729 1157 1767 beatum.

637 1829 760 1866 XXII

143 1904 294 1942 Primos
323 1918 437 1954 passa
466 1912 571 1943 toros
601 1912 638 1943 et
667 1906 799 1943 adhuc
828 1905 1022 1954 placanda
1050 1904 1189 1942 marito

196 1977 380 2008 merserat
409 1969 447 2007 in
479 1969 625 2008 nitidos
655 1983 695 2008 se
726 1971 935 2020 Cleopatra
963 1971 1081 2017 lacus,

143 2036 236 2072 dum
268 2034 364 2084 fugit
392 2036 607 2084 amplexus.
666 2036 745 2073 Sed
774 2034 948 2085 prodidit
977 2036 1085 2073 unda
1113 2036 1328 2075 latentem3

196 2101 363 2146 lucebat,
396 2099 487 2138 totis
517 2113 608 2138 cum
639 2108 832 2150 tegeretur
859 2099 998 2150 aquis:

186 2202 272 2233 XIX
295 2213 344 2234 vv.
369 2213 441 2241 1—4‚
466 2213 552 2242 9-12
577 2203 650 2234 hah.
675 2202 706 2234 T
856 2214 870 2234 1
899 2203 974 2234 Hac
998 2227 1005 2235 .
1032 2228 1039 2234 .
1066 2227 1073 2234 .
1101 2203 1235 2234 alumna
1259 2202 1306 2233 CA

1413 147 1470 184 IV

1436 938 1475 958 10

1454 2213 1471 2239 4

143 2247 289 2276 -medam
307 2246 354 2276 T:
377 2247 489 2276 —meda
500 2246 553 2276 BA
569 2259 576 2279 ς
600 2247 680 2277 -mia
696 2247 743 2277 CA
832 2248 852 2277 8
876 2248 949 2277 sive
967 2247 1007 2288 L]
1024 2247 1164 2277 silenem
1182 2247 1229 2276 CA
1287 2256 1383 2276 cursu
1396 2245 1450 2275 BA
1467 2257 1471 2274 ;

145 2290 213 2320 sors
232 2290 279 2320 CA
298 2290 426 2327 &forsan
444 2289 537 2328 ΒΘΖ)
672 2300 711 2320 12
736 2291 857 2321 sidone
873 2290 981 2321 ΒΑίᾺ
1034 2295 1126 2320 tutus
1142 2291 1281 2320 AABA:
1306 2290 1414 2319 cultus
1427 2289 1473 2318 CA

187 2332 254 2363 XX
277 2333 349 2364 hah.
377 2333 423 2372 T3
448 2344 498 2365 vv.
521 2343 580 2363 1-2
597 2333 671 2365 hab.
689 2334 722 2364 R
810 2344 830 2363 2
855 2335 955 2373 gallia
970 2334 1030 2364 ΑΑ
1048 2335 1138 2374 (cum
1156 2333 1224 2374 L):
1249 2333 1351 2373 gellia
1368 2332 1473 2362 ΒΑίᾺ

188 2376 272 2405 XXI
298 2386 317 2414 3
341 2377 405 2407 hoc
422 2376 455 2406 P
467 2387 506 2407 ex
521 2387 599 2408 corr.
619 2376 650 2416 Q
665 2388 704 2407 ex
718 2388 796 2409 corr.
814 2378 849 2409 F

188 2419 290 2450 XXII
314 2419 388 2452 lzab.
413 2420 443 2450 T
