1684 2763
740 140 1210 178 EPIGRAMMATON
1245 141 1346 178 LIB.
1380 141 1484 178 VIII

683 253 741 289 XI

160 316 385 355 Pervenisse
415 324 521 354 tuam
552 316 629 354 iam
660 324 697 355 te
727 316 798 355 scit
830 318 994 354 Rhenus
1025 315 1063 354 in
1095 316 1260 363 urbem3

210 401 300 425 nam
331 387 466 437 populi
496 400 612 426 voces
641 386 751 425 audit
780 395 818 426 et
847 387 911 425 ille
941 386 1020 425 tui:

156 452 389 490 Sarmaticas
419 452 536 491 etiam
566 460 702 503 gentes
734 452 996 502 Histrumque
1027 453 1226 501 Getasque

210 517 379 556 laetitiae
408 520 556 556 elamor
585 518 719 557 terruit
749 518 832 568 ipse
862 532 998 556 novae.

156 582 250 619 dum
282 589 319 620 te
349 584 465 632 longa
493 596 604 622 sacro
633 591 867 622 venerantur
895 582 1038 633 gaudia
1067 582 1195 628 Circo,
1472 596 1488 627 5

210 659 328 684 nemo
359 654 496 696 quater
526 648 665 686 missos
695 661 847 686 currere
877 647 998 685 sensit
1028 660 1162 696 equos.

158 711 321 748 Nullum
354 712 483 749 Roma
513 713 669 758 duceni,
701 725 775 750 nec
805 719 842 750 te
873 711 938 757 sic,
972 712 1127 755 Caesar,
1157 711 1325 748 amavit:

210 782 248 813 te
278 789 437 825 quoque
467 776 542 814 iam
574 791 653 815 non
684 778 782 827 plus,
814 785 856 815 ut
885 776 976 815 velit
1005 776 1098 826 ipsa,
1132 784 1270 826 potest.

671 855 753 891 XII

158 918 329 954 onrem
362 931 481 967 quare
511 919 748 968 locupletem
779 919 923 956 ducere
954 918 1075 956 nolim

209 982 426 1031 quaeritis?
482 982 602 1020 onri
632 983 780 1021 nubere
811 985 904 1021 nolo
935 997 1056 1021 meae.

157 1047 314 1085 inferior
343 1055 521 1086 matrona
551 1061 622 1085 suo
653 1047 711 1094 sit,
745 1048 886 1094 Prisce,
919 1047 1080 1085 marito:

210 1125 289 1150 non
319 1111 429 1150 aliter
458 1113 556 1150 fiunt
586 1112 732 1151 femina
760 1112 895 1162 virque
925 1126 1046 1162 pares.

664 1191 771 1227 XIII

159 1253 290 1292 Morio
320 1254 448 1292 dictus
479 1262 585 1293 erat:
624 1254 759 1304 viginti
790 1254 948 1292 milibus
978 1254 1066 1293 emi.

209 1320 330 1358 redde
361 1319 455 1357 mihi
486 1333 685 1367 nummos,
714 1319 960 1370 Gargiliane:
1001 1319 1110 1369 sapit.

666 1397 767 1434 XIV

158 1461 307 1499 Pallida
337 1475 386 1499 ne
416 1461 585 1500 Cilicum
615 1460 779 1499 timeant
808 1460 984 1511 pomaria
1013 1461 1193 1498 bruniam

212 1526 389 1564 mordeat
420 1533 457 1564 et
487 1533 664 1563 tenerum
695 1524 830 1563 fortior
858 1538 952 1563 aura
981 1538 1131 1571 nemus,

158 1591 330 1629 hibernis
360 1590 516 1629 obiecta
545 1590 648 1628 notis
678 1590 894 1641 specularia
923 1603 1041 1640 puros

209 1655 424 1694 admittunt
454 1657 555 1694 soles
585 1663 622 1693 et
652 1655 736 1694 sine
765 1656 873 1694 faece
903 1654 1020 1693 diem.

157 1729 196 1759 at
226 1721 321 1759 mihi
351 1722 449 1759 cella
478 1722 592 1759 datur
622 1734 701 1759 non
733 1728 814 1759 tota
843 1722 951 1759 elusa
980 1722 1158 1767 fenestra,
1472 1739 1489 1769 5

211 1786 251 1824 in
281 1800 359 1836 qua
387 1800 460 1824 nec
492 1788 636 1824 Boreas
667 1785 749 1836 ipse
780 1799 938 1824 manere
968 1785 1069 1824 velit.

157 1851 221 1890 Sic
251 1851 426 1890 habitare
455 1851 566 1890 iubes
596 1859 767 1890 veterem
798 1851 966 1890 crudelis
995 1851 1202 1890 amicum?

211 1916 358 1955 arboris
389 1930 480 1966 ergo
510 1924 600 1955 tuae
629 1916 748 1955 tutior
776 1918 921 1967 hospes
951 1930 1028 1955 ero.

161 2061 267 2096 Dum
298 2072 399 2097 nova
430 2058 648 2097 Pannonici
678 2066 905 2097 numeratur
933 2058 1054 2108 gloria
1084 2058 1185 2105 belli,

212 2123 341 2162 omnis
371 2131 408 2162 et
437 2124 488 2162 ad
518 2124 704 2162 reducem
734 2125 830 2162 dum
861 2123 944 2162 litat
973 2137 1038 2162 ara
1069 2125 1218 2169 Iovem,

204 2226 252 2256 XI
286 2226 358 2257 lmb.
391 2226 421 2256 T
527 2229 548 2257 6
572 2227 675 2257 sentit
698 2227 873 2266 T('ets0rt.
892 2226 966 2259 A&
983 2238 989 2256 ε
1020 2227 1128 2257 sensit
1144 2238 1184 2257 cx
1200 2227 1306 2257 sentis
1324 2227 1351 2257 L
1469 2231 1488 2256 8

161 2269 244 2299 uelis
261 2269 310 2299 CA
528 2271 594 2300 XII
619 2270 692 2301 hab.
720 2271 749 2301 T
873 2281 885 2301 1
912 2281 1046 2310 quaere·
1058 2270 1105 2301 CA
1211 2271 1279 2301 noli
1299 2270 1345 2301 CA
1469 2282 1487 2309 3

163 2313 294 2353 Prisce]
313 2323 445 2352 queque
461 2313 495 2344 D
514 2314 547 2353 (i.
563 2325 586 2344 e.
607 2317 773 2354 quaeque}
954 2314 1035 2344 XIV
1057 2313 1129 2345 lmb.
1150 2313 1183 2343 R
1282 2324 1301 2352 3
1326 2314 1433 2344 noctis
1454 2318 1491 2343 nt

160 2356 224 2386 vid.
241 2356 290 2387 CA
344 2358 532 2396 specuralia
545 2357 599 2387 BA
680 2369 699 2396 4
716 2358 823 2398 soles]
839 2358 911 2389 sole
927 2358 976 2389 CA
1037 2357 1112 2388 sine
1124 2358 1195 2387 sole
1208 2357 1267 2386 ΑΑ
1284 2369 1290 2387 :
1307 2358 1380 2388 sine
1395 2357 1487 2387 faece

160 2400 265 2473 BACdA
351 2401 482 2473 L53Acella
498 2401 609 2441 datur]
629 2403 768 2432 cedatur
783 2401 837 2432 BA
1031 2401 1095 2432 XV
1123 2411 1135 2431 1
1163 2401 1287 2443 gloria]
1308 2401 1416 2440 ror-iga
1435 2401 1485 2430 R*

161 2453 180 2473 2
204 2453 222 2473 a
268 2453 333 2474 om.
