1684 2763
748 158 1217 197 EPIGRAMMATON
1249 158 1351 195 LIB.
1386 160 1442 196 XI

615 269 736 306 XVII

115 350 207 387 Non
238 349 366 387 omnis
397 349 519 388 nostri
550 356 742 387 nocturna
772 356 829 388 est
860 349 1001 399 pagina
1031 349 1143 387 libri:

167 414 340 453 invenies
371 421 408 453 et
438 416 547 464 quod
578 428 704 462 mane,
738 414 893 462 Sabine,
926 416 1041 464 legas.

594 531 740 567 XVIII

220 616 402 665 Donasti,
432 618 558 667 Lupe,
588 630 651 655 rus
681 617 754 655 sub
785 616 881 654 urbe
911 615 1050 663 nobis,-

219 683 287 720 scd
318 696 381 720 rus
412 690 469 721 est
500 682 595 720 mihi
627 682 751 720 maius
782 681 821 719 in
851 683 1029 720 fenestra.

218 760 281 785 rus
311 748 387 786 hoc
418 747 561 796 dicere,
591 761 654 785 rus
685 754 796 797 potes
826 748 996 785 vocare?

218 811 255 849 in
287 826 367 862 quo
398 821 482 851 ruta
511 813 603 852 facit
633 826 772 852 nemus
804 812 970 859 Dianae,

215 885 373 927 argutae
402 878 496 928 tegit
524 881 585 916 ala
614 880 722 929 quod
752 878 922 925 cicadae,

215 944 324 991 quod
354 943 517 981 formica
546 944 610 982 die
640 942 813 981 comedit
843 955 934 988 uno,

216 1009 346 1046 clusae
376 1009 438 1046 cui
468 1008 605 1047 folium
635 1022 745 1047 rosae
775 1021 921 1047 corona
950 1015 1031 1054 θεῖς

215 1071 253 1109 in
284 1086 363 1122 quo
393 1087 473 1111 non
504 1073 626 1124 magis
656 1073 852 1112 invenitur
880 1073 1002 1111 herba

214 1151 331 1187 quam
363 1138 499 1177 Cosmi
529 1138 666 1177 folium
697 1138 856 1189 piperve
886 1138 1079 1184 crudum3

213 1201 251 1239 in
282 1216 361 1252 quo
391 1217 464 1242 nec
494 1203 669 1242 cucumis
699 1203 824 1242 iacere
853 1210 981 1241 rectus
1401 1219 1438 1240 10

212 1280 285 1306 nec
316 1281 473 1318 serpens
503 1269 680 1308 habitare
710 1276 792 1307 tota
820 1267 954 1318 possit.

213 1346 372 1371 urucam
404 1335 506 1372 male
534 1334 659 1384 pascit
688 1335 824 1372 hortus
854 1346 988 1380 unam,

211 1406 449 1448 consumpto
479 1398 642 1438 moritur
671 1399 773 1437 culix
803 1398 954 1445 salicto,

211 1470 249 1500 et
278 1465 383 1512 talpa
412 1472 469 1502 est
500 1464 595 1501 mihi
626 1466 750 1502 fossor
779 1471 897 1513 atque
926 1469 1062 1500 arator.

210 1540 290 1565 non
321 1528 476 1567 boletus
506 1528 626 1576 hiare,
656 1542 736 1567 non
767 1528 955 1566 mariscae
1395 1543 1430 1575 15

209 1591 334 1631 ridere
363 1601 429 1631 aut
458 1593 584 1632 violae
613 1601 745 1644 patere
774 1600 950 1643 possunt.

210 1656 297 1695 finis
327 1671 414 1696 mus
443 1660 654 1708 populatur
683 1666 721 1697 et
750 1660 894 1697 colono

209 1729 410 1772 tamquam
441 1737 505 1761 sus
536 1723 778 1773 Calydonius
808 1723 980 1769 timetur,

207 1794 245 1825 et
274 1787 427 1826 sublata
454 1788 620 1827 volantis
650 1802 780 1838 ungue
811 1790 983 1838 Prognes

206 1851 244 1888 in
274 1851 370 1891 nido
400 1866 509 1903 seges
538 1860 597 1892 est
625 1852 906 1901 hirundinino;
1394 1868 1432 1890 20

205 1924 243 1954 et
272 1930 362 1955 cum
393 1926 467 1957 stet
497 1918 580 1958 sine
609 1920 708 1957 falce
738 1920 1007 1968 mentulaque,

204 1995 284 2020 non
314 1990 373 2021 est
401 1983 567 2022 dimidio
597 1986 707 2022 locus
738 1985 890 2033 Priapo.

204 2046 265 2084 vix
293 2046 431 2098 implet
460 2051 636 2087 cocleam
667 2056 825 2100 peracta
853 2047 1002 2094 messis,

204 2118 242 2149 et
271 2120 445 2151 mustum
475 2127 576 2152 nuce
606 2114 814 2152 condimus
843 2113 982 2164 picata.

205 2176 364 2225 Errasti,
393 2179 518 2228 Lupe,
547 2178 674 2217 littera
703 2180 772 2217 sed
802 2191 903 2216 una:
1389 2195 1425 2223 25

140 2278 239 2309 XVII
257 2279 329 2311 hab.
355 2280 388 2310 T.
439 2281 525 2312 Cum
543 2281 625 2312 XVI
643 2281 737 2320 confl.
755 2281 810 2312 BA

139 2321 255 2352 XVIII
281 2333 331 2353 vv.
352 2324 444 2363 1-18,
463 2335 569 2363 21-27
586 2325 658 2356 hab.
686 2326 715 2355 T
810 2335 830 2355 2
855 2324 963 2365 magis
982 2324 1012 2355 T
1094 2335 1112 2362 4
1138 2328 1237 2363 rupta
1262 2323 1318 2353 BA
1406 2335 1426 2363 9

95 2375 179 2403 quas
200 2365 231 2396 T
297 2367 380 2398 costi
399 2367 448 2397 CA
559 2379 599 2398 10
624 2378 686 2398 nec
703 2379 768 2400 om.
789 2369 836 2399 CA
855 2373 891 2399 ut
909 2368 971 2399 vid.
1076 2377 1114 2397 12
1140 2377 1275 2397 urucam
1292 2367 1423 2398 AACA:

93 2418 226 2438 erucam
244 2408 299 2439 BA
418 2420 458 2450 19
481 2420 614 2450 ungues
640 2412 697 2442 ΒΛ
827 2421 869 2450 23
892 2416 1008 2451 parata
1024 2410 1080 2441 BA
1097 2413 1172 2451 <par
1183 2415 1245 2449 pro
1262 2411 1337 2450 per)
