1684 2763
189 123 242 158 M.
277 123 398 160 VAL.
432 123 746 161 MARTIALIS

658 238 820 274 XXXII

189 297 305 334 Hanc
336 298 425 335 volo
454 309 555 347 quae
585 298 718 345 facilis,
751 312 851 348 quae
885 299 1082 349 palliolata
1111 307 1282 350 vagatur,

239 362 342 400 hanc
370 363 460 400 volo
489 375 590 412 quae
619 376 741 413 puero
771 363 847 402 iam
878 364 987 403 dedit
1015 372 1106 403 ante
1137 378 1236 411 meo,

186 427 288 464 hanc
317 428 406 465 volo
436 440 555 477 quam
585 428 740 466 redimit
769 436 892 467 totam
922 429 1104 467 denarius
1133 431 1239 476 alter,

239 492 341 529 hanc
370 493 460 530 volo
490 505 591 542 quae
620 493 762 542 pariter
790 493 930 531 sufficit
960 507 1039 532 una
1069 494 1202 532 tribus.

188 564 415 604 poscentem
445 570 629 596 nummos
659 564 697 595 et
725 557 887 607 grandia
916 559 1033 596 verba
1069 567 1276 597 sonantem
1498 577 1514 605 5

240 620 438 670 possideat
467 635 618 660 crassae
649 624 823 660 mentula
854 622 1096 672 Burdigalae.

646 694 832 731 XXXIII

188 753 369 792 Audieris
400 754 439 792 in
469 767 559 804 quo,
594 756 744 802 Flacce,
778 756 921 794 balneo
951 758 1145 805 plausum,

190 818 364 856 Maronis
395 818 472 858 illic
502 833 586 858 esse
617 822 833 858 mentulam
865 820 973 859 scito.

650 892 830 929 XXXIV

191 950 364 1001 Iuppiter
394 952 505 991 Idaei
534 952 615 991 risit
645 953 851 992 mendacia
881 953 995 999 busti,

239 1017 335 1054 dum
365 1017 471 1056 videt
500 1018 668 1067 Augusti
699 1018 832 1056 Flavia
862 1020 1007 1068 templa
1037 1017 1131 1068 poli,

187 1089 304 1132 atque
334 1082 434 1121 inter
462 1097 617 1122 mensas
648 1085 753 1134 largo
783 1083 860 1121 iam
891 1093 1046 1122 nectare
1077 1085 1196 1129 susus,

241 1149 383 1196 pocula
412 1161 502 1186 cum
534 1148 652 1186 Marti
682 1150 849 1187 traderet
878 1148 962 1198 ipse
992 1161 1073 1194 suo,

189 1212 398 1262 respiciens
429 1214 636 1252 Phoebum
667 1213 809 1264 pariter
839 1214 1070 1263 Phoebique
1101 1226 1286 1259 sororem,

241 1291 332 1316 cum
363 1278 506 1328 quibus
536 1279 696 1318 Alcides
726 1287 763 1317 et
793 1279 880 1329 pius
911 1281 1032 1317 Arcas
1062 1286 1168 1316 erat:

188 1343 361 1382 ·Gnosia
390 1345 483 1382 vos'
512 1343 639 1394 inquit
672 1344 808 1382 ‘nobis
839 1352 1096 1382 monumenta
1125 1343 1311 1381 dedistis:

242 1408 388 1447 cernite
417 1421 535 1458 quam
566 1410 652 1460 plus
683 1409 730 1447 sit
761 1408 938 1448 Caesaris
969 1422 1053 1447 esse
1083 1410 1258 1458 patrem.'

670 1481 825 1517 XXXV

194 1541 349 1579 Artibus
379 1541 438 1580 his
467 1555 622 1591 semper
651 1555 802 1589 cenam,
836 1542 1075 1587 Philomuse,
1111 1541 1278 1585 mereris,

243 1606 408 1656 plurima
437 1608 532 1645 dum
564 1606 688 1657 fingis,
719 1608 788 1645 sed
819 1606 929 1657 quasi
958 1620 1047 1644 vera
1078 1607 1204 1644 refers.

190 1671 263 1709 scis
295 1671 389 1721 quid
420 1671 458 1709 in
489 1672 650 1710 Arsacia
680 1674 851 1710 Pacorus
881 1671 1072 1710 deliberet
1102 1672 1201 1717 aula,

245 1737 480 1774 Rhenanam
510 1750 692 1775 numeras
723 1736 1057 1785 Sarmaticamque
1088 1748 1259 1780 manum,

191 1801 307 1838 verba
336 1800 448 1839 ducis
479 1801 579 1839 Daci
609 1800 750 1839 chartis
781 1801 967 1839 mandata
996 1799 1179 1850 resignas,
1499 1817 1516 1847 5

244 1862 441 1903 victricem
471 1867 622 1903 laurum
653 1879 771 1915 quam
800 1864 907 1903 venit
935 1872 1026 1902 ante
1055 1864 1175 1910 vides,

192 1930 265 1968 scis
296 1929 478 1980 quotiens
509 1930 651 1968 Phario
681 1931 837 1969 madeat
868 1931 963 1968 Iove
993 1931 1101 1967 fusca
1131 1930 1268 1977 Syene,

244 1994 318 2033 scis
348 2002 469 2045 quota
497 1995 547 2033 de
578 1995 727 2044 Libyco
755 1995 867 2033 litore
896 1993 1037 2045 puppis
1068 2001 1140 2039 eat,

236 2098 372 2128 XXXII
397 2099 472 2129 hab.
495 2099 524 2129 T
621 2109 639 2128 2
664 2097 772 2138 dedit]
792 2099 833 2129 de
856 2098 885 2128 T
979 2107 998 2135 3
1023 2097 1109 2127 alter
1125 2107 1190 2128 om.
1214 2096 1243 2126 T
1341 2097 1361 2125 6
1385 2107 1516 2127 crassae

192 2142 251 2171 AA
269 2153 275 2172 t
300 2142 401 2172 crassi
417 2141 490 2171 BA:
517 2152 631 2172 crassa
650 2142 699 2172 CA
831 2141 987 2172 XXXIII
1012 2141 1084 2171 hab.
1109 2140 1138 2170 T
1221 2149 1240 2168 2
1257 2140 1418 2169 matronis
1434 2139 1516 2169 AA:

194 2185 339 2215 maronis
357 2184 433 2215 BA:
459 2186 619 2216 morionis
638 2185 685 2215 CA
756 2185 903 2215 mentula
922 2184 970 2214 CA
1156 2182 1309 2213 XXXIV
1336 2193 1347 2212 1
1374 2184 1449 2213 idae
1468 2183 1517 2213 CA

193 2239 212 2267 3
232 2229 443 2258 intermissas
460 2229 515 2258 BA
604 2229 740 2267 largiam
760 2228 809 2259 CA
940 2229 960 2257 8
984 2227 1030 2258 sic
1050 2226 1144 2267 (EA)
1162 2227 1210 2256 vel
1224 2227 1268 2256 sit
1287 2225 1334 2257 CA

237 2271 371 2301 XXXV
395 2282 443 2302 vv.
475 2273 546 2309 1-8‚
577 2281 682 2302 11—12
704 2272 776 2302 lzab.
802 2271 830 2302 T
932 2280 945 2300 1
971 2269 1124 2309 semper]
1140 2279 1211 2300 sem
1235 2269 1264 2300 T
1361 2278 1381 2307 3
1397 2269 1518 2300 arsicia

193 2314 248 2344 BA
348 2325 530 2354 paucorum
554 2314 584 2345 T
675 2325 756 2345 aura
778 2315 809 2346 T
967 2325 985 2353 4
1013 2313 1125 2344 Rheni
1147 2323 1282 2343 manum
1302 2311 1515 2352 (Rhemmaa

194 2368 332 2388 numera
358 2357 407 2388 CA
559 2368 574 2396 7
601 2358 692 2388 uario
718 2358 773 2388 ΒΑ
860 2362 993 2387 maneat
1027 2356 1056 2386 T
1077 2357 1119 2398 (et
1131 2356 1212 2395 sort.
1241 2355 1316 2395 ΑΛ)
1346 2355 1405 2396 CA,
1432 2355 1516 2385 unde

195 2406 304 2432 manet
322 2400 481 2432 Heinsius
611 2403 630 2432 8
654 2402 741 2441 quod
762 2400 811 2432 CA
900 2405 971 2432 erat
994 2400 1023 2431 T
