1684 2763
791 154 1050 191 EPIGRAM
1060 154 1262 192 MATON
1294 155 1396 193 LIB.
1432 157 1488 192 IV

158 272 195 303 te
226 264 369 315 patrios
401 264 564 303 miscere
594 264 698 302 iuvat
729 278 819 302 cum
849 264 1017 314 coniuge
1047 279 1200 311 census,

210 332 448 380 gaudentem
481 329 590 368 socio
620 329 880 379 participique
910 329 1003 367 viro.

156 395 288 434 arserit
320 385 515 434 Euhadne
546 395 713 433 flammis
745 394 888 433 iniecta
918 395 1056 442 mariti,
1473 415 1487 443 ,ε

211 474 283 499 nec
314 460 441 498 minor
471 459 647 499 Alcestin
678 462 782 498 fama
812 461 884 498 suh
914 468 1016 498 astra
1046 462 1164 499 ferat:

157 533 197 564 tu
230 525 390 564 melius:
430 533 537 564 certo
568 525 740 564 meruisti
771 525 933 576 pignore
962 526 1064 564 vitae

211 598 252 629 ut
283 590 353 629 tibi
384 604 463 629 non
495 598 596 629 esset
628 599 752 629 morte
783 591 1012 641 probandus
1041 605 1161 629 amor.

626 674 799 711 LXXVI

161 743 271 781 Milia
304 743 440 781 misisti
472 743 567 781 mihi
597 757 663 781 sex
695 743 753 781 bis
783 757 877 782 sena
908 744 1080 793 petenti:

214 815 253 846 ut
286 808 343 846 bis
374 822 468 846 sena
498 810 618 846 feram
650 808 709 846 his
739 810 928 848 duodena
958 818 1099 859 petam.

618 891 814 928 LXXVII

268 963 497 1011 Numquam
529 961 682 1000 divitias
713 963 809 1000 deos
839 962 969 1011 rogavi

267 1034 477 1065 contentus
507 1026 672 1065 modicis
703 1040 872 1076 meoque
902 1029 1049 1065 laetus:

268 1099 487 1141 paupertas,
520 1091 674 1130 veniam
705 1091 830 1138 dabis,
861 1093 1012 1130 recede.

269 1159 437 1196 Causast
470 1171 572 1207 quae
602 1156 720 1195 subiti
751 1157 923 1206 novique
952 1157 1062 1195 voti?

269 1223 515 1261 Pendentem
546 1224 634 1260 volo
664 1222 818 1260 Zoilum
848 1222 990 1261 videre.
1473 1239 1489 1268 5

609 1313 829 1349 LXXVIII

162 1381 335 1421 Condita
364 1395 454 1420 cum
486 1382 555 1420 tibi
586 1382 634 1420 sit
664 1381 741 1420 iam
772 1381 1041 1432 sexagensima
1072 1381 1208 1420 messis

215 1454 253 1485 et
282 1446 400 1485 facies
432 1449 556 1485 multo
587 1448 792 1497 splendeat
821 1447 911 1485 alba
940 1447 1031 1497 pilo,

162 1512 344 1550 discurris
375 1520 457 1550 tota
487 1526 607 1562 vagus
638 1512 746 1559 urbe,
778 1526 852 1550 nec
882 1514 960 1550 ulla
990 1513 1177 1550 cathedra
1206 1520 1263 1550 est

216 1577 279 1615 cui
309 1591 389 1615 non
420 1591 536 1615 mane
567 1578 665 1615 feras
696 1577 938 1626 inrequietus
971 1579 1113 1624 Have3

162 1647 199 1678 et
229 1639 313 1677 sine
343 1647 380 1677 te
410 1639 506 1677 nulli
536 1641 592 1677 fas
622 1647 680 1678 est
710 1640 865 1690 prodire
895 1639 1064 1685 tribuno,
1475 1654 1491 1684 5

217 1718 290 1742 nec
320 1712 423 1742 caret
454 1704 583 1743 officio
613 1707 752 1743 consul
781 1712 946 1754 uterque
975 1712 1068 1747 tuo:

163 1777 200 1807 et
230 1783 340 1808 sacro
370 1770 501 1808 decies
531 1769 672 1820 repetis
704 1770 852 1808 Palatia
881 1769 982 1808 clivo

218 1835 452 1884 Sigerosque
483 1848 610 1873 meros
642 1834 955 1884 Partheniosque
985 1847 1113 1873 sonas.

166 1901 279 1937 Haec
308 1899 452 1938 faciant
482 1913 576 1938 sane
605 1899 792 1938 iuvenes:
831 1899 1057 1946 deformius,
1090 1900 1195 1943 Afer,

218 1964 381 2002 omnino
412 1964 507 2002 nihil
538 1971 595 2002 est
624 1964 825 2003 ardalione
859 1977 962 2002 sene.
1458 1978 1495 1999 10

209 2052 338 2082 LXXV
361 2062 381 2090 3
405 2052 469 2082 iam
488 2051 565 2082 ΑΑε
593 2056 626 2082 te
643 2052 750 2082 BACA
838 2062 960 2082 sensus
980 2051 1027 2082 CA
1148 2061 1166 2088 4
1193 2050 1395 2089 participare
1412 2048 1472 2079 ΑΛ
1489 2060 1495 2079 t

165 2096 397 2135 participeque
425 2095 533 2135 (PJF)
560 2096 610 2126 vel
633 2106 793 2134 -pemque
817 2095 908 2134 (Δρ)
926 2095 1000 2125 BA:
1028 2094 1251 2134 participique
1270 2093 1317 2124 CA
1476 2103 1494 2130 5

165 2140 286 2170 iniecta
303 2139 401 2170 Ima:
431 2140 554 2169 inlecta
575 2139 708 2170 AABA:
736 2139 862 2169 intecta
887 2139 933 2170 CA
1048 2139 1069 2167 6
1092 2138 1164 2168 fera
1190 2138 1244 2167 BA
1359 2147 1375 2175 7
1401 2141 1493 2166 certe

166 2183 195 2222 Q
263 2183 405 2222 pignora
425 2183 470 2213 CA
542 2182 662 2213 samam
681 2183 739 2212 ΑΑ
754 2183 806 2223 (cf.
822 2193 850 2213 v.
865 2184 921 2219 63:
948 2182 1038 2212 uitae
1054 2181 1157 2211 BACA
1351 2180 1493 2210 LXXVI

164 2226 237 2258 hab.
262 2226 290 2256 T
420 2237 432 2256 1
459 2226 598 2256 misistis
611 2226 665 2255 BA
842 2225 1004 2256 LXXVII
1030 2225 1105 2255 hab.
1128 2225 1157 2254 T
1244 2233 1257 2254 1
1285 2224 1400 2263 rogaui
1415 2224 1496 2253 deos

167 2269 214 2299 CA
282 2280 301 2308 4
325 2280 509 2309 causasque
526 2270 579 2299 ΒΑ
640 2270 750 2300 subito
770 2269 799 2299 T
971 2268 1150 2299 LXXVIII
1169 2278 1218 2298 vv.
1236 2269 1305 2304 1-6‚
1319 2277 1405 2305 9-10
1422 2267 1493 2296 hal).

171 2313 216 2351 T;
240 2324 290 2343 vv.
315 2323 373 2351 1-4
398 2314 470 2344 lzab.
491 2313 534 2342 Rv
685 2324 697 2343 1
725 2314 851 2343 mensis
870 2312 916 2343 CA
1071 2322 1090 2350 5
1116 2312 1260 2351 prodere
1278 2310 1334 2340 ΒΑ
1352 2321 1431 2349 mon
1450 2309 1492 2338 L*

165 2357 185 2386 8
210 2357 409 2395 Sigerosque
422 2357 475 2386 BA
493 2368 499 2387 :
524 2357 742 2395 sigereosque
762 2356 809 2386 CA
922 2367 942 2395 9
965 2356 1064 2386 faciat
1081 2365 1106 2386 s.
1125 2355 1258 2385 iuuenis
1275 2355 1326 2384 BA
1344 2365 1350 2384 ε
1374 2353 1494 2384 faciant

166 2410 191 2430 s.
210 2401 350 2430 iuuenes
369 2400 414 2430 CA
561 2410 600 2430 10
624 2401 824 2431 hardalione
843 2399 897 2429 ΒΑ
917 2408 1007 2441 tcum
1024 2399 1102 2437 EA>
