1684 2763
193 147 250 185 M.
282 145 406 184 VAL.
437 145 754 183 MARTIALIS

702 259 803 297 XIX

193 341 366 380 Felicem
396 340 478 380 fieri
508 340 635 379 credis
669 353 743 387 me,
775 339 894 386 Zoile‚
927 342 1056 379 cena?

244 407 399 446 felicem
430 420 539 453 cena,
571 406 692 453 Zoile,
724 405 870 445 deinde
901 408 1000 444 tua?

190 473 311 512 debet
339 472 502 511 Aricino
532 471 700 511 conviva
729 471 959 510 recumbere
989 471 1102 517 clivo,

243 552 362 589 quem
393 546 459 577 tua
488 538 655 585 felicem,
687 537 805 584 Zoile‚
837 551 937 577 cena
965 537 1068 576 facit.

190 713 375 754 Carmina
406 715 551 752 Paulus
581 713 687 760 emit,
720 712 856 751 recitat
886 726 957 751 sua
985 712 1162 751 carmina
1194 714 1348 752 Paulus.

241 793 332 817 nam
363 781 472 829 quod
502 792 609 818 emas
640 778 765 828 possis
796 778 878 816 iure
908 791 1048 816 vocare
1080 786 1201 816 tuum.

698 873 799 910 XXI

188 955 303 993 Basia
332 956 403 994 das
432 955 528 1002 aliis,
559 954 644 993 aliis
674 956 756 1002 das,
790 956 992 1001 Postume,
1022 955 1211 993 dextram.

240 1020 338 1059 dicis
368 1022 534 1059 ‘Vtrum
566 1019 722 1058 mavis?
759 1019 883 1070 elige.'
942 1020 1054 1057 Malo
1086 1032 1261 1058 manum.

186 1196 295 1245 Quid
325 1196 420 1234 mihi
452 1195 656 1234 vobiscum
688 1203 757 1241 est,
789 1208 813 1233 o
845 1194 1007 1233 Phoebe
1038 1207 1262 1244 novemque
1293 1196 1476 1233 sorores?

238 1274 331 1300 ecce
362 1269 478 1299 nocet
509 1261 584 1299 vati
619 1262 736 1298 Musa
767 1259 901 1298 iocosa
931 1273 1015 1298 suo.

184 1326 351 1365 dimidio
382 1326 497 1365 nobis
527 1327 620 1365 dare
652 1328 864 1364 Postumus
893 1333 986 1363 ante
1018 1325 1171 1364 solebat

237 1392 358 1439 basia,
390 1405 496 1430 nunc
526 1392 636 1430 labro
665 1391 796 1441 coepit
826 1399 994 1441 utroque
1024 1391 1128 1429 dare.

670 1480 817 1517 XXIII

291 1565 385 1602 Non
415 1563 558 1609 dicam,
591 1561 681 1600 licet
711 1574 836 1611 usque
868 1573 930 1599 me
961 1560 1116 1611 rogetis,

290 1629 356 1679 qui
387 1628 434 1666 sit
467 1630 679 1666 Postumus
710 1627 749 1664 in
780 1640 870 1665 meo
900 1625 1046 1672 libello,

291 1708 370 1732 non
401 1693 556 1732 dicam:
595 1692 691 1742 quid
722 1691 827 1730 enim
860 1691 955 1729 mihi
987 1704 1150 1730 necesse
1180 1700 1237 1730 est

290 1761 359 1798 has
389 1760 590 1797 offendere
621 1757 862 1795 basiationes

289 1837 390 1875 quae
420 1838 461 1862 se
491 1831 570 1861 tam
602 1823 704 1861 bene
734 1821 934 1860 vindicare
964 1823 1162 1871 possunt?
1503 1838 1519 1868 ,ς

674 1917 815 1953 XXIV

180 1999 219 2038 Si
250 1999 317 2037 det
347 1997 482 2047 iniqua
512 1996 583 2035 tibi
613 1995 761 2034 tristem
793 1996 949 2033 fortuna
978 2003 1141 2039 reatum,

233 2063 437 2114 squalidus
467 2062 639 2100 haerebo
669 2060 932 2111 pallidiorque
962 2074 1053 2099 reo:

179 2129 209 2167 si
240 2129 372 2167 iubeat
402 2127 525 2178 patria
555 2128 787 2165 damnatum
819 2127 1008 2164 excedere
1039 2134 1149 2170 terra,

232 2208 300 2245 per
330 2195 435 2239 freta,
469 2206 537 2242 per
566 2193 750 2241 scopulos
780 2191 903 2230 exulis
933 2191 1000 2230 ibo
1030 2204 1175 2229 comes.

222 2298 309 2328 XIX
333 2307 384 2328 vv.
403 2306 465 2336 34
483 2296 554 2326 hab.
583 2295 613 2326 T
691 2306 710 2326 2
734 2302 825 2326 tuam
845 2295 892 2326 CA
1026 2294 1093 2325 XX
1118 2293 1190 2324 hab.
1209 2293 1242 2323 R
1331 2302 1351 2322 2
1374 2302 1441 2324 om.
1463 2292 1518 2322 BA

180 2342 252 2372 iure
269 2351 390 2372 vocare
408 2341 490 2370 AA:
514 2340 630 2370 dicere
649 2339 721 2369 iure
742 2339 789 2370 CA
968 2337 1052 2368 XXI
1077 2338 1149 2368 hab.
1178 2336 1207 2367 T
1327 2346 1346 2366 2
1373 2336 1469 2376 elege
1492 2335 1521 2366 T

178 2385 280 2416 XXII
306 2385 379 2416 1ιαί).
407 2384 436 2415 T
564 2383 684 2414 XXIII
710 2393 729 2412 2
746 2383 802 2422 qui
820 2382 895 2412 BA:
920 2383 1000 2421 quid
1021 2382 1070 2413 CA
1088 2380 1159 2421 (sed
1171 2380 1248 2420 quis
1264 2379 1315 2418 X>
1396 2389 1415 2419 5
1441 2379 1518 2410 nin·

177 2440 253 2460 care
272 2428 327 2459 BA
502 2427 619 2457 XXIV
642 2426 716 2458 lmb.
742 2426 788 2465 T;
814 2437 863 2457 vv.
880 2427 942 2465 7*8
957 2426 1031 2456 hab.
1050 2425 1083 2456 R
1214 2434 1233 2464 3
1257 2424 1400 2464 patriam
1424 2423 1453 2454 T
