1684 2763
805 137 1274 175 EPIGRAMMA'I'ON
1309 138 1411 174 11113.
1446 139 1477 174 V

145 251 213 287 sed
245 257 284 287 tu
316 263 365 288 ne
395 249 802 300 propera—brevibus
832 263 882 288 ne
912 251 1029 288 crede
1059 250 1267 299 capillis——

200 316 387 364 tardaque
417 329 487 364 pro
517 322 627 353 tanto
657 328 830 361 munere,
864 315 995 362 barba,
1028 315 1127 354 veni.

629 403 765 438 XLIX

252 471 450 510 Vidissem
483 473 604 510 modo
634 473 733 510 forte
763 486 852 510 cum
885 473 1088 511 sedentem

251 538 378 575 solum
410 544 457 583 te,
493 537 679 583 Labiene,
712 546 788 575 tres
819 537 964 588 putavi.

251 603 383 640 calvae
414 616 476 640 me
506 616 693 641 numerus
724 610 813 641 tuae
843 602 1004 641 fefellit:

251 676 340 705 sunt
370 667 476 705 illinc
507 667 587 713 tibi,
620 676 711 705 sunt
741 676 778 706 et
808 668 900 706 hinc
930 668 1061 718 capilli

251 734 386 781 quales
416 734 475 770 vel
506 746 669 781 puerum
700 733 840 771 decere
870 742 1035 782 possunt
1050 748 1060 781 3

251 799 439 836 nudumst
470 798 508 834 in
540 797 672 836 medio
702 806 820 848 caput
850 812 923 836 nec
953 800 1054 836 ullus

251 862 288 899 in
319 864 435 912 longa
465 862 565 912 pilus
595 876 684 900 area
713 870 880 900 notatur.

251 928 331 965 Hic
360 941 464 966 error
493 927 563 966 tibi
593 927 738 977 profuit
770 928 994 975 Decembri,

250 1002 343 1030 tunc
373 1006 462 1031 cum
494 993 658 1042 prandia
688 993 791 1031 misit
823 995 1068 1043 Imperator:

249 1071 338 1095 cum
369 1057 578 1108 panariolis
609 1057 731 1096 tribus
762 1058 906 1096 redisti.
1441 1077 1478 1097 ιο

249 1125 386 1161 Talem
419 1125 630 1173 Geryonen
660 1123 780 1162 fuisse
810 1125 941 1162 credo.

248 1188 344 1226 vites
374 1202 518 1227 censeo
548 1188 743 1238 porticum
776 1188 975 1239 Philippi:

249 1253 278 1291 si
310 1261 346 1292 te
376 1253 516 1292 viderit
549 1256 754 1302 Hercules,
788 1255 932 1304 peristi.

677 1344 710 1381 L

140 1414 251 1451 (jeno
281 1414 389 1452 domi
421 1414 615 1463 quotiens,
648 1413 721 1452 nisi
752 1422 803 1462 te,
833 1414 1071 1464 Charopine,
1104 1414 1250 1461 vocavi,

193 1479 369 1528 protinus
400 1479 577 1529 ingentes
607 1487 698 1517 sunt
728 1479 965 1525 inimicitiae,

138 1557 281 1593 meque
311 1553 423 1594 potes
454 1545 587 1583 stricto
617 1544 793 1583 medium
823 1545 1047 1594 transfigere
1076 1545 1186 1592 ferro,

191 1609 221 1646 si
252 1618 428 1648 nostruin
460 1609 542 1648 sine
573 1617 610 1647 te
640 1609 714 1647 scis
744 1609 910 1647 caluisse
934 1610 1078 1647 focum.

139 1688 210 1713 nec
241 1677 361 1713 semel
393 1689 484 1725 ergo
515 1675 611 1712 mihi
642 1676 787 1712 furtum
818 1674 957 1713 fecisse
988 1674 1151 1712 licebit?

190 1739 393 1789 inprobius
423 1740 519 1778 nihil
549 1748 607 1778 est
637 1741 722 1787 hac,
755 1739 991 1789 Charopffle,
1023 1741 1123 1788 gula.

136 1805 272 1843 desine
302 1805 378 1843 iam
410 1813 594 1852 nostram,
627 1819 774 1854 precor,
806 1805 1013 1843 observare
1042 1804 1226 1852 culinam,

189 1878 307 1920 atque
336 1871 551 1921 aliquando
582 1884 692 1909 meus
722 1872 789 1909 det
820 1870 890 1908 tibi
919 1871 1037 1908 verba
1067 1883 1199 1908 cocus.

667 1961 721 1997 LI

139 2029 227 2076 Hic,
260 2030 327 2079 qui
358 2030 497 2068 libellis
528 2043 778 2080 praegravem
808 2029 905 2080 gerit
935 2032 1097 2077 laevam,

135 2095 374 2133 notariorum
405 2109 523 2145 quem
554 2095 695 2146 premit
725 2096 868 2133 chorus
898 2095 1003 2142 levis,

179 2199 325 2229 XLVIII
354 2210 370 2238 7
398 2210 439 2229 ne
458 2200 559 2229 crede
576 2199 650 2229 BA:
685 2209 749 2229 nec
766 2199 868 2229 crede
887 2198 934 2228 CA
955 2198 1027 2237 (sed
1048 2209 1090 2228 ne
1109 2199 1210 2229 crede
1229 2199 1300 2235 CG)

180 2242 296 2272 XLIX
320 2243 391 2273 lzah.
416 2242 445 2272 T
529 2253 548 2281 3
573 2252 731 2272 numeros
748 2242 802 2271 ΒΑ
914 2253 932 2279 4
957 2243 1023 2273 sint
1036 2247 1069 2273 et
1087 2243 1115 2272 T
1223 2253 1241 2281 5
1267 2243 1467 2273 uelAABA3

138 2296 198 2315 nec
217 2286 264 2315 CA
376 2291 516 2325 possunt
534 2286 648 2316 ΑΑΒΑ
664 2298 669 2316 :
698 2286 828 2325 possint
848 2285 893 2315 CA
1028 2287 1049 2316 6
1072 2286 1183 2316 nudus
1200 2291 1253 2316 est
1273 2286 1324 2327 (es
1340 2286 1398 2321 PT>
1416 2287 1467 2317 Bi

139 2340 155 2367 7
180 2329 267 2367 pilus
284 2339 349 2360 om.
375 2330 404 2360 T
488 2340 509 2368 9
533 2335 603 2360 turn
621 2329 702 2361 AA:
728 2335 807 2359 tunc
825 2329 932 2359 ΒΑίἈ
990 2330 1164 2369 inperator
1179 2329 1212 2359 E

182 2373 207 2401 L
231 2372 304 2403 hab.
331 2373 360 2402 T
458 2383 471 2402 1
499 2378 638 2404 uocatur
661 2373 689 2402 T
703 2374 782 2413 (pro
798 2377 919 2403 vocato
933 2372 958 2410 ἲ)
1049 2383 1069 2411 3
1094 2373 1180 2403 uelis
1196 2373 1253 2402 ΑΑ
1270 2385 1277 2403 z
1301 2379 1399 2411 putes
1416 2373 1467 2402 BA

149 2419 213 2456 'pro
224 2415 356 2455 potes):
382 2421 481 2455 potes
499 2416 546 2446 CA
636 2417 656 2447 8
680 2416 775 2447 focus
787 2416 867 2448 AA:
893 2427 993 2447 cocus
1006 2416 1113 2447 ΒΑΕΑ
1261 2416 1304 2446 LI
1330 2417 1402 2447 lmb.
1426 2417 1446 2446 7
