1684 2763
224 145 280 181 M.
312 144 435 183 VAL.
467 143 779 182 MARTIALIS

703 256 847 293 XLIII

224 326 345 363 Effert
373 338 512 363 uxores
543 324 699 372 Fabius,
732 325 939 364 Chrestilla
969 325 1141 372 maritos,

275 390 556 439 sunereamque
585 389 678 427 toris
708 397 865 439 quassat
894 397 1057 439 uterque
1086 391 1222 428 facem.

222 453 387 493 victores
416 454 633 502 committe,
662 456 822 493 Venus:
861 467 960 504 quos
990 454 1062 493 iste
1093 454 1267 492 manebit

276 519 400 558 exitus
429 533 508 557 una
537 520 638 558 duos
668 527 709 558 ut
739 518 913 558 Libitina
941 520 1047 558 ferat.

703 647 840 683 XLIV

222 721 382 768 Titulle,
411 734 566 768 moneo,
597 720 708 759 vive:
746 734 901 770 semper
929 721 1005 758 hoc
1035 733 1163 759 serum
1194 729 1278 767 est3

222 787 295 824 sub
326 787 554 836 paedagogo
583 785 759 836 coeperis
789 785 889 832 licet,
923 799 1051 824 serum
1082 793 1149 824 est.

221 859 260 888 at
289 858 342 897 tu,
374 850 490 889 miser
518 850 674 898 Titulle,
706 864 780 889 nec
809 864 928 889 senex
956 850 1062 897 vivis,

221 917 290 954 sed
320 929 439 954 omne
467 915 587 954 limen
616 915 785 954 conteris
814 917 1000 954 salutator

221 988 259 1018 et
290 994 404 1019 mane
434 982 550 1019 sudas
581 981 686 1019 urbis
715 980 858 1019 osculis
887 982 999 1027 udus,
1528 996 1545 1026 5

222 1047 386 1095 foroque
415 1045 554 1095 triplici
584 1059 739 1095 sparsus
768 1053 860 1083 ante
889 1059 1012 1095 equos
1042 1045 1170 1083 omnis

220 1111 440 1159 aedemque
472 1109 609 1147 Martis
639 1118 676 1148 et
706 1111 888 1148 colosson
918 1109 1085 1159 Augusti

222 1175 341 1213 curris
371 1188 439 1224 per
467 1175 595 1212 omnis
625 1174 836 1224 tertiasque
866 1174 1113 1224 quintasque.

220 1253 326 1289 rape,
355 1253 532 1289 congere,
563 1241 681 1287 aufer,
713 1239 897 1289 posside:
918 1239 1237 1288 ·relinquendum
1268 1247 1336 1276 est.

220 1305 387 1353 superba
416 1304 548 1342 densis
576 1318 665 1342 arca
693 1306 835 1354 palleat
864 1303 1046 1349 nummis,
1508 1318 1547 1341 10

220 1377 380 1406 centum
410 1369 652 1418 explicentur
680 1368 845 1418 paginae
876 1369 1156 1413 Kalendarum,

220 1433 362 1471 iurabit
392 1435 502 1471 heres
533 1441 570 1471 te
600 1433 695 1471 nihil
726 1433 936 1483 reliquisse,

220 1511 415 1548 supraque
444 1500 620 1547 pluteum
650 1506 688 1536 te
716 1498 867 1536 iacente
896 1499 957 1536 vel
986 1511 1134 1543 saxum,

219 1565 339 1601 fartus
369 1577 515 1613 papyro
544 1565 640 1601 dum
670 1563 741 1600 tibi
770 1571 876 1601 torus
905 1562 1054 1608 crescit,

220 1630 347 1666 flentis
377 1629 568 1677 superbus
597 1627 764 1666 basiabit
793 1629 996 1666 eunuchos
1013 1642 1021 1673 ;
1507 1641 1544 1672 15

219 1702 367 1743 tuoque
397 1692 513 1730 tristis
542 1692 655 1739 filius,
685 1693 780 1730 velis
808 1692 923 1739 nolis,

220 1772 310 1796 cum
341 1758 567 1796 concubino
596 1765 713 1796 nocte
741 1757 910 1796 dormiet
940 1756 1073 1807 prima.

721 1887 834 1923 XLV

221 1968 377 2006 Priscus
406 1968 456 2005 ab
486 1966 672 2005 Aetnaeis
702 1966 808 2013 mihi,
842 1967 992 2011 Flacce,
1024 1964 1231 2003 Terentius
1261 1964 1338 2001 oris

274 2031 474 2070 redditur:
513 2033 615 2069 hanc
644 2033 772 2069 lucem
803 2033 927 2069 lactea
955 2043 1110 2080 gemma
1138 2036 1272 2075 notet3

266 2134 381 2166 XLIII
407 2134 478 2164 lzab.
505 2133 534 2163 T
620 2144 634 2163 1
662 2133 769 2164 sanius
786 2133 920 2173 C·⁶*(1'.e.
943 2132 1038 2165 Faba
1187 2142 1206 2161 2
1230 2131 1474 2168 funereamque
1498 2129 1548 2159 vel

222 2179 291 2209 sen·
311 2178 358 2208 CA
448 2187 467 2216 3
493 2177 668 2207 committit
685 2177 738 2206 ΒΑ
900 2176 1012 2206 XLIV
1035 2185 1054 2213 3
1079 2176 1175 2205 uiues
1193 2179 1229 2204 ut
1245 2173 1307 2204 vid.
1324 2173 1376 2203 ΒΑ
1397 2173 1463 2213 (tle.
1484 2172 1544 2212 -is)

221 2233 240 2261 5
258 2222 364 2252 oculis
382 2220 431 2251 CA
447 2224 484 2250 ut
498 2220 562 2250 vid.
582 2220 652 2259 (scd
665 2220 787 2249 osculis
804 2219 855 2257 A)
974 2221 995 2248 6
1019 2228 1103 2257 quos
1122 2217 1169 2247 CA
1290 2217 1310 2246 8
1333 2226 1452 2247 omnes
1468 2214 1522 2245 ΒΑ
1538 2227 1545 2245 :

221 2265 335 2296 omnia
354 2264 402 2294 CA
473 2274 495 2303 9
518 2273 620 2302 coger
643 2263 691 2292 CA
711 2270 766 2301 (co
778 2267 840 2301 pro
856 2261 936 2299 con)
999 2266 1050 2291 est
1066 2272 1130 2291 om.
1150 2260 1203 2290 BA
1255 2260 1335 2298 sort.
1356 2259 1544 2297 relinquen-

221 2309 331 2339 dumst
517 2317 556 2337 10
580 2306 689 2346 pallea
707 2306 860 2335 mummis
879 2304 926 2334 CA
1114 2314 1151 2333 12
1175 2304 1295 2333 iurauit
1314 2303 1362 2333 CA
1379 2302 1414 2341 (i.
1424 2313 1448 2333 e.
1467 2301 1541 2338 -bit)

223 2362 261 2387 14
286 2351 373 2381 fatus
402 2350 449 2380 CA
641 2358 678 2388 15
702 2348 883 2388 superbum
919 2347 971 2377 ΒΑ
1086 2347 1227 2377 basiauit
1253 2346 1340 2376 codd.
1373 2346 1434 2379 (zze.
1464 2344 1540 2374 -biti

225 2405 260 2432 17
289 2405 355 2424 nox
373 2399 406 2424 te
425 2393 474 2424 CA
817 2391 910 2421 XLV
932 2400 944 2420 1
974 2390 1127 2421 etheneis
1143 2390 1196 2420 BA
1328 2399 1347 2419 2
1372 2392 1471 2419 nocet
1487 2386 1543 2418 BA
