<?xml version="1.0" encoding="UTF-8"?>
<!DOCTYPE html PUBLIC "-//W3C//DTD XHTML 1.0 Transitional//EN"
    "http://www.w3.org/TR/xhtml1/DTD/xhtml1-transitional.dtd">
<html xmlns="http://www.w3.org/1999/xhtml" xml:lang="en" lang="en">
 <head>
  <title>
</title>
<meta http-equiv="Content-Type" content="text/html;charset=utf-8" />
  <meta name='ocr-system' content='tesseract 3.04.00' />
  <meta name='ocr-capabilities' content='ocr_page ocr_carea ocr_par ocr_line ocrx_word'/>
</head>
<body>
  <div class='ocr_page' id='page_1' title='image "./epigrammatarecog00martuoft/epigrammatarecog00martuoft_0413.png"; bbox 0 0 1684 2763; ppageno 0'>
   <div class='ocr_carea' id='block_1_1' title="bbox 128 464 1213 635">
    <p class='ocr_par' dir='ltr' id='par_1_1' title="bbox 128 464 1213 635">
     <span class='ocr_line' id='line_1_1' title="bbox 128 464 1213 534; baseline -0.001 -18"><span class='ocrx_word' id='word_1_1' title='bbox 128 464 133 534; x_wconf 66' lang='grc' dir='ltr'>ξ</span> <span class='ocrx_word' id='word_1_2' title='bbox 466 470 534 518; x_wconf 87' lang='lat' dir='ltr'><strong>M.</strong></span> <span class='ocrx_word' id='word_1_3' title='bbox 584 470 742 518; x_wconf 83' lang='lat' dir='ltr'>VAL.</span> <span class='ocrx_word' id='word_1_4' title='bbox 798 468 1213 517; x_wconf 69' lang='lat' dir='ltr'><strong>MARTIAms</strong></span> 
     </span>
     <span class='ocr_line' id='line_1_2' title="bbox 130 550 1143 635; baseline -0.003 0"><span class='ocrx_word' id='word_1_5' title='bbox 130 550 131 555; x_wconf 25' lang='lat'>¹</span> <span class='ocrx_word' id='word_1_6' title='bbox 533 586 1143 635; x_wconf 80' lang='lat' dir='ltr'>EPIGRAMMATON</span> 
     </span>
    </p>
   </div>
   <div class='ocr_carea' id='block_1_2' title="bbox 671 717 1018 773">
    <p class='ocr_par' dir='ltr' id='par_1_2' title="bbox 671 717 1018 773">
     <span class='ocr_line' id='line_1_3' title="bbox 671 717 1018 773; baseline -0.003 -15"><span class='ocrx_word' id='word_1_7' title='bbox 671 719 863 773; x_wconf 82' lang='lat' dir='ltr'>[LIBER</span> <span class='ocrx_word' id='word_1_8' title='bbox 892 717 1018 771; x_wconf 85' lang='lat' dir='ltr'>XIII]</span> 
     </span>
    </p>
   </div>
   <div class='ocr_carea' id='block_1_3' title="bbox 740 842 945 961">
    <p class='ocr_par' dir='ltr' id='par_1_3' title="bbox 740 842 945 961">
     <span class='ocr_line' id='line_1_4' title="bbox 740 842 945 880; baseline 0 0"><span class='ocrx_word' id='word_1_9' title='bbox 740 842 945 880; x_wconf 82' lang='lat' dir='ltr'><em>XENIA.</em></span> 
     </span>
     <span class='ocr_line' id='line_1_5' title="bbox 826 924 855 961; baseline 0 0"><span class='ocrx_word' id='word_1_10' title='bbox 826 924 855 961; x_wconf 90' lang='grc' dir='ltr'><strong>Ι.</strong></span> 
     </span>
    </p>
   </div>
   <div class='ocr_carea' id='block_1_4' title="bbox 134 989 1512 1494">
    <p class='ocr_par' dir='ltr' id='par_1_4' title="bbox 134 989 1512 1494">
     <span class='ocr_line' id='line_1_6' title="bbox 134 989 1099 1052; baseline 0 -14"><span class='ocrx_word' id='word_1_11' title='bbox 134 989 142 1052; x_wconf 71' lang='grc'><strong>1</strong></span> <span class='ocrx_word' id='word_1_12' title='bbox 178 1001 243 1038; x_wconf 76' lang='grc' dir='ltr'><strong>ΝΕ</strong></span> <span class='ocrx_word' id='word_1_13' title='bbox 274 1008 364 1050; x_wconf 77' lang='lat' dir='ltr'>toga</span> <span class='ocrx_word' id='word_1_14' title='bbox 393 998 561 1049; x_wconf 80' lang='lat' dir='ltr'>cordylis</span> <span class='ocrx_word' id='word_1_15' title='bbox 591 1007 629 1038; x_wconf 87' lang='lat' dir='ltr'><strong>et</strong></span> <span class='ocrx_word' id='word_1_16' title='bbox 659 1000 827 1051; x_wconf 76' lang='lat' dir='ltr'><strong>paenula</strong></span> <span class='ocrx_word' id='word_1_17' title='bbox 857 999 958 1039; x_wconf 88' lang='lat' dir='ltr'><strong>desit</strong></span> <span class='ocrx_word' id='word_1_18' title='bbox 987 999 1099 1038; x_wconf 88' lang='lat' dir='ltr'><strong>olivis</strong></span> 
     </span>
     <span class='ocr_line' id='line_1_7' title="bbox 230 1065 1193 1115; baseline -0.001 -12"><span class='ocrx_word' id='word_1_19' title='bbox 230 1074 297 1103; x_wconf 85' lang='lat' dir='ltr'><strong>aut</strong></span> <span class='ocrx_word' id='word_1_20' title='bbox 328 1065 487 1115; x_wconf 82' lang='lat' dir='ltr'>inopem</span> <span class='ocrx_word' id='word_1_21' title='bbox 519 1072 667 1103; x_wconf 80' lang='lat' dir='ltr'><strong>metuat</strong></span> <span class='ocrx_word' id='word_1_22' title='bbox 697 1065 856 1103; x_wconf 80' lang='lat' dir='ltr'><strong>sordida</strong></span> <span class='ocrx_word' id='word_1_23' title='bbox 886 1065 1008 1103; x_wconf 74' lang='lat' dir='ltr'>blatta</span> <span class='ocrx_word' id='word_1_24' title='bbox 1037 1067 1193 1111; x_wconf 76' lang='lat' dir='ltr'><strong>famem,</strong></span> 
     </span>
     <span class='ocr_line' id='line_1_8' title="bbox 179 1129 1262 1180; baseline -0.001 -12"><span class='ocrx_word' id='word_1_25' title='bbox 179 1130 329 1180; x_wconf 84' lang='lat' dir='ltr'><strong>perdite</strong></span> <span class='ocrx_word' id='word_1_26' title='bbox 360 1129 543 1177; x_wconf 77' lang='lat' dir='ltr'><strong>Niliacas,</strong></span> <span class='ocrx_word' id='word_1_27' title='bbox 578 1131 731 1177; x_wconf 80' lang='lat' dir='ltr'>Musae,</span> <span class='ocrx_word' id='word_1_28' title='bbox 765 1143 852 1168; x_wconf 83' lang='lat' dir='ltr'><strong>mea</strong></span> <span class='ocrx_word' id='word_1_29' title='bbox 881 1131 1038 1176; x_wconf 79' lang='lat' dir='ltr'>damna,</span> <span class='ocrx_word' id='word_1_30' title='bbox 1070 1143 1262 1180; x_wconf 77' lang='lat' dir='ltr'><strong>papyros:</strong></span> 
     </span>
     <span class='ocr_line' id='line_1_9' title="bbox 141 1190 1127 1245; baseline 0 -11"><span class='ocrx_word' id='word_1_31' title='bbox 141 1190 143 1195; x_wconf 13' lang='lat' dir='ltr'>X</span> <span class='ocrx_word' id='word_1_32' title='bbox 232 1197 404 1245; x_wconf 82' lang='lat' dir='ltr'><strong>postulat</strong></span> <span class='ocrx_word' id='word_1_33' title='bbox 434 1209 526 1234; x_wconf 86' lang='lat' dir='ltr'><strong>ecce</strong></span> <span class='ocrx_word' id='word_1_34' title='bbox 556 1209 681 1234; x_wconf 86' lang='lat' dir='ltr'><strong>novos</strong></span> <span class='ocrx_word' id='word_1_35' title='bbox 711 1193 818 1234; x_wconf 80' lang='lat' dir='ltr'><strong>ebria</strong></span> <span class='ocrx_word' id='word_1_36' title='bbox 848 1196 988 1234; x_wconf 80' lang='lat' dir='ltr'><strong>bruma</strong></span> <span class='ocrx_word' id='word_1_37' title='bbox 1016 1197 1127 1234; x_wconf 79' lang='lat' dir='ltr'><strong>sales.</strong></span> 
     </span>
     <span class='ocr_line' id='line_1_10' title="bbox 179 1260 1512 1311; baseline 0 -13"><span class='ocrx_word' id='word_1_38' title='bbox 179 1261 273 1299; x_wconf 91' lang='lat' dir='ltr'><strong>Non</strong></span> <span class='ocrx_word' id='word_1_39' title='bbox 303 1273 392 1299; x_wconf 77' lang='lat' dir='ltr'><strong>mea</strong></span> <span class='ocrx_word' id='word_1_40' title='bbox 421 1260 673 1311; x_wconf 81' lang='lat' dir='ltr'>magnanimo</span> <span class='ocrx_word' id='word_1_41' title='bbox 704 1262 905 1311; x_wconf 80' lang='lat' dir='ltr'>depugnat</span> <span class='ocrx_word' id='word_1_42' title='bbox 935 1268 1081 1299; x_wconf 78' lang='lat' dir='ltr'><strong>tessera</strong></span> <span class='ocrx_word' id='word_1_43' title='bbox 1110 1262 1189 1299; x_wconf 86' lang='lat' dir='ltr'><strong>telo</strong></span> <span class='ocrx_word' id='word_1_44' title='bbox 1497 1279 1512 1308; x_wconf 80' lang='lat'>5</span> 
     </span>
     <span class='ocr_line' id='line_1_11' title="bbox 232 1325 1242 1376; baseline 0.001 -13"><span class='ocrx_word' id='word_1_45' title='bbox 232 1325 343 1364; x_wconf 85' lang='lat' dir='ltr'><strong>senio</strong></span> <span class='ocrx_word' id='word_1_46' title='bbox 373 1339 447 1364; x_wconf 84' lang='lat' dir='ltr'><strong>nec</strong></span> <span class='ocrx_word' id='word_1_47' title='bbox 477 1333 655 1364; x_wconf 82' lang='lat' dir='ltr'><strong>nostrum</strong></span> <span class='ocrx_word' id='word_1_48' title='bbox 685 1340 775 1364; x_wconf 87' lang='lat' dir='ltr'><strong>cum</strong></span> <span class='ocrx_word' id='word_1_49' title='bbox 806 1339 904 1364; x_wconf 74' lang='lat' dir='ltr'><strong>cane</strong></span> <span class='ocrx_word' id='word_1_50' title='bbox 934 1334 1093 1376; x_wconf 77' lang='lat' dir='ltr'>quassat</span> <span class='ocrx_word' id='word_1_51' title='bbox 1122 1327 1242 1364; x_wconf 85' lang='lat' dir='ltr'><strong>ebur:</strong></span> 
     </span>
     <span class='ocr_line' id='line_1_12' title="bbox 180 1390 1444 1438; baseline 0 -10"><span class='ocrx_word' id='word_1_52' title='bbox 180 1392 277 1429; x_wconf 82' lang='lat' dir='ltr'><strong>haec</strong></span> <span class='ocrx_word' id='word_1_53' title='bbox 307 1390 403 1429; x_wconf 85' lang='lat' dir='ltr'>mihi</span> <span class='ocrx_word' id='word_1_54' title='bbox 433 1392 568 1429; x_wconf 74' lang='lat' dir='ltr'>charta</span> <span class='ocrx_word' id='word_1_55' title='bbox 597 1404 729 1438; x_wconf 84' lang='lat' dir='ltr'><strong>nuces,</strong></span> <span class='ocrx_word' id='word_1_56' title='bbox 763 1392 860 1429; x_wconf 79' lang='lat' dir='ltr'><strong>haec</strong></span> <span class='ocrx_word' id='word_1_57' title='bbox 890 1399 949 1429; x_wconf 88' lang='lat' dir='ltr'><strong>est</strong></span> <span class='ocrx_word' id='word_1_58' title='bbox 979 1391 1075 1429; x_wconf 82' lang='lat' dir='ltr'>mihi</span> <span class='ocrx_word' id='word_1_59' title='bbox 1106 1393 1239 1429; x_wconf 83' lang='lat' dir='ltr'>charta</span> <span class='ocrx_word' id='word_1_60' title='bbox 1269 1390 1444 1429; x_wconf 88' lang='lat' dir='ltr'><strong>fritillus:</strong></span> 
     </span>
     <span class='ocr_line' id='line_1_13' title="bbox 232 1455 1159 1494; baseline 0.001 -1"><span class='ocrx_word' id='word_1_61' title='bbox 232 1457 316 1493; x_wconf 78' lang='lat' dir='ltr'><strong>alea</strong></span> <span class='ocrx_word' id='word_1_62' title='bbox 346 1469 419 1494; x_wconf 85' lang='lat' dir='ltr'><strong>nec</strong></span> <span class='ocrx_word' id='word_1_63' title='bbox 449 1456 639 1494; x_wconf 78' lang='lat' dir='ltr'><strong>damnum</strong></span> <span class='ocrx_word' id='word_1_64' title='bbox 671 1469 744 1493; x_wconf 86' lang='lat' dir='ltr'><strong>nec</strong></span> <span class='ocrx_word' id='word_1_65' title='bbox 774 1455 865 1493; x_wconf 80' lang='lat' dir='ltr'>facit</span> <span class='ocrx_word' id='word_1_66' title='bbox 895 1455 967 1493; x_wconf 83' lang='lat' dir='ltr'><strong>ista</strong></span> <span class='ocrx_word' id='word_1_67' title='bbox 996 1456 1159 1494; x_wconf 87' lang='lat' dir='ltr'><strong>lucrum.</strong></span> 
     </span>
    </p>
   </div>
   <div class='ocr_carea' id='block_1_5' title="bbox 713 1543 766 1580">
    <p class='ocr_par' dir='ltr' id='par_1_5' title="bbox 713 1543 766 1580">
     <span class='ocr_line' id='line_1_14' title="bbox 713 1543 766 1580; baseline 0 0"><span class='ocrx_word' id='word_1_68' title='bbox 713 1543 766 1580; x_wconf 89' lang='lat' dir='ltr'><strong>II.</strong></span> 
     </span>
    </p>
   </div>
   <div class='ocr_carea' id='block_1_6' title="bbox 181 1622 1331 2127">
    <p class='ocr_par' dir='ltr' id='par_1_6' title="bbox 182 1622 1173 1740">
     <span class='ocr_line' id='line_1_15' title="bbox 182 1622 1173 1675; baseline 0 -12"><span class='ocrx_word' id='word_1_69' title='bbox 182 1627 357 1663; x_wconf 81' lang='lat' dir='ltr'><strong>Nasutus</strong></span> <span class='ocrx_word' id='word_1_70' title='bbox 386 1623 437 1663; x_wconf 87' lang='lat' dir='ltr'><strong>sis</strong></span> <span class='ocrx_word' id='word_1_71' title='bbox 468 1636 593 1674; x_wconf 83' lang='lat' dir='ltr'><strong>usque</strong></span> <span class='ocrx_word' id='word_1_72' title='bbox 622 1623 722 1671; x_wconf 86' lang='lat' dir='ltr'><strong>licet,</strong></span> <span class='ocrx_word' id='word_1_73' title='bbox 755 1622 805 1663; x_wconf 87' lang='lat' dir='ltr'><strong>sis</strong></span> <span class='ocrx_word' id='word_1_74' title='bbox 836 1624 1008 1675; x_wconf 81' lang='lat' dir='ltr'><strong>denique</strong></span> <span class='ocrx_word' id='word_1_75' title='bbox 1042 1638 1173 1671; x_wconf 72' lang='lat' dir='ltr'><strong>nasus,</strong></span> 
     </span>
     <span class='ocr_line' id='line_1_16' title="bbox 235 1689 1133 1740; baseline 0.001 -13"><span class='ocrx_word' id='word_1_76' title='bbox 235 1697 427 1740; x_wconf 80' lang='lat' dir='ltr'><strong>quantum</strong></span> <span class='ocrx_word' id='word_1_77' title='bbox 458 1691 636 1728; x_wconf 81' lang='lat' dir='ltr'><strong>noluerat</strong></span> <span class='ocrx_word' id='word_1_78' title='bbox 665 1689 763 1727; x_wconf 84' lang='lat' dir='ltr'><strong>ferre</strong></span> <span class='ocrx_word' id='word_1_79' title='bbox 793 1698 949 1740; x_wconf 76' lang='lat' dir='ltr'><strong>rogatus</strong></span> <span class='ocrx_word' id='word_1_80' title='bbox 980 1692 1133 1738; x_wconf 79' lang='lat' dir='ltr'><strong>Atlans,</strong></span> 
     </span>
    </p>

    <p class='ocr_par' dir='ltr' id='par_1_7' title="bbox 181 1753 1118 1871">
     <span class='ocr_line' id='line_1_17' title="bbox 181 1753 1055 1805; baseline 0 -12"><span class='ocrx_word' id='word_1_81' title='bbox 181 1762 219 1793; x_wconf 85' lang='lat' dir='ltr'><strong>et</strong></span> <span class='ocrx_word' id='word_1_82' title='bbox 249 1754 374 1805; x_wconf 82' lang='lat' dir='ltr'><strong>possis</strong></span> <span class='ocrx_word' id='word_1_83' title='bbox 403 1755 533 1805; x_wconf 84' lang='lat' dir='ltr'><strong>ipsum</strong></span> <span class='ocrx_word' id='word_1_84' title='bbox 563 1762 604 1793; x_wconf 90' lang='lat' dir='ltr'><strong>tu</strong></span> <span class='ocrx_word' id='word_1_85' title='bbox 634 1753 812 1793; x_wconf 86' lang='lat' dir='ltr'><strong>deridere</strong></span> <span class='ocrx_word' id='word_1_86' title='bbox 843 1755 1055 1794; x_wconf 79' lang='lat' dir='ltr'><strong>Latinum:</strong></span> 
     </span>
     <span class='ocr_line' id='line_1_18' title="bbox 235 1819 1118 1871; baseline 0.001 -13"><span class='ocrx_word' id='word_1_87' title='bbox 235 1834 316 1859; x_wconf 87' lang='lat' dir='ltr'><strong>non</strong></span> <span class='ocrx_word' id='word_1_88' title='bbox 346 1828 458 1870; x_wconf 87' lang='lat' dir='ltr'><strong>potes</strong></span> <span class='ocrx_word' id='word_1_89' title='bbox 487 1819 528 1858; x_wconf 91' lang='lat' dir='ltr'><strong>in</strong></span> <span class='ocrx_word' id='word_1_90' title='bbox 557 1833 680 1870; x_wconf 78' lang='lat' dir='ltr'><strong>nugas</strong></span> <span class='ocrx_word' id='word_1_91' title='bbox 710 1819 840 1858; x_wconf 79' lang='lat' dir='ltr'>dicere</span> <span class='ocrx_word' id='word_1_92' title='bbox 870 1822 980 1871; x_wconf 79' lang='lat' dir='ltr'><strong>plura</strong></span> <span class='ocrx_word' id='word_1_93' title='bbox 1010 1833 1118 1859; x_wconf 76' lang='lat' dir='ltr'><strong>meas</strong></span> 
     </span>
    </p>

    <p class='ocr_par' dir='ltr' id='par_1_8' title="bbox 182 1885 1331 2001">
     <span class='ocr_line' id='line_1_19' title="bbox 182 1885 1331 1936; baseline 0 -12"><span class='ocrx_word' id='word_1_94' title='bbox 182 1886 265 1936; x_wconf 88' lang='lat' dir='ltr'><strong>ipse</strong></span> <span class='ocrx_word' id='word_1_95' title='bbox 295 1899 367 1936; x_wconf 81' lang='lat' dir='ltr'><strong>ego</strong></span> <span class='ocrx_word' id='word_1_96' title='bbox 397 1899 516 1936; x_wconf 81' lang='lat' dir='ltr'><strong>quam</strong></span> <span class='ocrx_word' id='word_1_97' title='bbox 546 1885 635 1924; x_wconf 81' lang='lat' dir='ltr'>dixi.</span> <span class='ocrx_word' id='word_1_98' title='bbox 697 1886 805 1934; x_wconf 84' lang='lat' dir='ltr'>Quid</span> <span class='ocrx_word' id='word_1_99' title='bbox 841 1887 1002 1924; x_wconf 87' lang='lat' dir='ltr'><strong>dentem</strong></span> <span class='ocrx_word' id='word_1_100' title='bbox 1033 1888 1152 1925; x_wconf 85' lang='lat' dir='ltr'><strong>dente</strong></span> <span class='ocrx_word' id='word_1_101' title='bbox 1183 1886 1331 1925; x_wconf 74' lang='lat' dir='ltr'><strong>iuvabit</strong></span> 
     </span>
     <span class='ocr_line' id='line_1_20' title="bbox 236 1951 1234 2001; baseline 0.001 -12"><span class='ocrx_word' id='word_1_102' title='bbox 236 1952 403 1990; x_wconf 87' lang='lat' dir='ltr'><strong>rodere?</strong></span> <span class='ocrx_word' id='word_1_103' title='bbox 442 1963 558 1989; x_wconf 76' lang='lat' dir='ltr'><strong>carne</strong></span> <span class='ocrx_word' id='word_1_104' title='bbox 588 1964 687 2001; x_wconf 87' lang='lat' dir='ltr'><strong>opus</strong></span> <span class='ocrx_word' id='word_1_105' title='bbox 718 1959 786 1998; x_wconf 87' lang='lat' dir='ltr'><strong>est,</strong></span> <span class='ocrx_word' id='word_1_106' title='bbox 819 1951 850 1989; x_wconf 89' lang='lat' dir='ltr'><strong>si</strong></span> <span class='ocrx_word' id='word_1_107' title='bbox 879 1959 985 1989; x_wconf 80' lang='lat' dir='ltr'><strong>satur</strong></span> <span class='ocrx_word' id='word_1_108' title='bbox 1014 1965 1099 1990; x_wconf 89' lang='lat' dir='ltr'><strong>esse</strong></span> <span class='ocrx_word' id='word_1_109' title='bbox 1128 1952 1234 1990; x_wconf 87' lang='lat' dir='ltr'><strong>velis.</strong></span> 
     </span>
    </p>

    <p class='ocr_par' dir='ltr' id='par_1_9' title="bbox 184 2014 1225 2127">
     <span class='ocr_line' id='line_1_21' title="bbox 184 2014 1225 2066; baseline 0 -13"><span class='ocrx_word' id='word_1_110' title='bbox 184 2017 247 2054; x_wconf 90' lang='lat' dir='ltr'><strong>Ne</strong></span> <span class='ocrx_word' id='word_1_111' title='bbox 276 2017 416 2065; x_wconf 77' lang='lat' dir='ltr'><strong>perdas</strong></span> <span class='ocrx_word' id='word_1_112' title='bbox 446 2029 629 2066; x_wconf 80' lang='lat' dir='ltr'><strong>operam:</strong></span> <span class='ocrx_word' id='word_1_113' title='bbox 669 2015 736 2066; x_wconf 82' lang='lat' dir='ltr'><strong>qui</strong></span> <span class='ocrx_word' id='word_1_114' title='bbox 766 2029 807 2054; x_wconf 88' lang='lat' dir='ltr'><strong>se</strong></span> <span class='ocrx_word' id='word_1_115' title='bbox 838 2014 1038 2063; x_wconf 77' lang='lat' dir='ltr'><strong>mirantur,</strong></span> <span class='ocrx_word' id='word_1_116' title='bbox 1070 2016 1109 2054; x_wconf 89' lang='lat' dir='ltr'><strong>in</strong></span> <span class='ocrx_word' id='word_1_117' title='bbox 1139 2016 1225 2054; x_wconf 88' lang='lat' dir='ltr'><strong>illos</strong></span> 
     </span>
     <span class='ocr_line' id='line_1_22' title="bbox 237 2080 1180 2127; baseline 0.001 -10"><span class='ocrx_word' id='word_1_118' title='bbox 237 2080 340 2118; x_wconf 89' lang='lat' dir='ltr'><strong>virus</strong></span> <span class='ocrx_word' id='word_1_119' title='bbox 370 2081 482 2127; x_wconf 80' lang='lat' dir='ltr'><strong>habe,</strong></span> <span class='ocrx_word' id='word_1_120' title='bbox 515 2092 587 2118; x_wconf 82' lang='lat' dir='ltr'><strong>nos</strong></span> <span class='ocrx_word' id='word_1_121' title='bbox 619 2081 715 2118; x_wconf 76' lang='lat' dir='ltr'><strong>haec</strong></span> <span class='ocrx_word' id='word_1_122' title='bbox 746 2080 927 2118; x_wconf 83' lang='lat' dir='ltr'><strong>novimus</strong></span> <span class='ocrx_word' id='word_1_123' title='bbox 958 2094 1042 2118; x_wconf 86' lang='lat' dir='ltr'><strong>esse</strong></span> <span class='ocrx_word' id='word_1_124' title='bbox 1072 2080 1180 2118; x_wconf 86' lang='lat' dir='ltr'><strong>nihil.</strong></span> 
     </span>
    </p>
   </div>
   <div class='ocr_carea' id='block_1_7' title="bbox 186 2181 1519 2441">
    <p class='ocr_par' dir='ltr' id='par_1_10' title="bbox 186 2181 1518 2309">
     <span class='ocr_line' id='line_1_23' title="bbox 230 2181 1518 2225; baseline 0.001 -12"><span class='ocrx_word' id='word_1_125' title='bbox 230 2182 243 2213; x_wconf 95' lang='lat'>1</span> <span class='ocrx_word' id='word_1_126' title='bbox 277 2183 349 2214; x_wconf 79' lang='lat' dir='ltr'><em>lmb.</em></span> <span class='ocrx_word' id='word_1_127' title='bbox 375 2181 404 2212; x_wconf 91' lang='lat' dir='ltr'><em>T</em></span> <span class='ocrx_word' id='word_1_128' title='bbox 544 2193 557 2213; x_wconf 92' lang='lat'>1</span> <span class='ocrx_word' id='word_1_129' title='bbox 587 2183 637 2214; x_wconf 89' lang='lat' dir='ltr'><strong>Ne</strong></span> <span class='ocrx_word' id='word_1_130' title='bbox 655 2184 750 2225; x_wconf 83' lang='lat' dir='ltr'>toga]</span> <span class='ocrx_word' id='word_1_131' title='bbox 772 2183 913 2222; x_wconf 86' lang='lat' dir='ltr'><strong>Nequea</strong></span> <span class='ocrx_word' id='word_1_132' title='bbox 932 2183 980 2214; x_wconf 76' lang='lat' dir='ltr'><strong>CA</strong></span> <span class='ocrx_word' id='word_1_133' title='bbox 1123 2184 1208 2214; x_wconf 82' lang='lat' dir='ltr'><strong>desil</strong></span> <span class='ocrx_word' id='word_1_134' title='bbox 1228 2184 1273 2214; x_wconf 66' lang='lat' dir='ltr'><strong>CA</strong></span> <span class='ocrx_word' id='word_1_135' title='bbox 1376 2195 1394 2214; x_wconf 87' lang='lat'><em>2</em></span> <span class='ocrx_word' id='word_1_136' title='bbox 1420 2185 1518 2214; x_wconf 77' lang='lat' dir='ltr'>blatia</span> 
     </span>
     <span class='ocr_line' id='line_1_24' title="bbox 186 2225 1517 2267; baseline 0.001 -11"><span class='ocrx_word' id='word_1_137' title='bbox 186 2225 282 2267; x_wconf 76' lang='lat' dir='ltr'><em>(EA)</em></span> <span class='ocrx_word' id='word_1_138' title='bbox 309 2226 358 2256; x_wconf 83' lang='lat' dir='ltr'><strong>vel</strong></span> <span class='ocrx_word' id='word_1_139' title='bbox 379 2226 483 2256; x_wconf 83' lang='lat' dir='ltr'>blatta</span> <span class='ocrx_word' id='word_1_140' title='bbox 509 2225 559 2256; x_wconf 80' lang='lat' dir='ltr'><strong>CA</strong></span> <span class='ocrx_word' id='word_1_141' title='bbox 743 2237 762 2266; x_wconf 87' lang='lat'>5</span> <span class='ocrx_word' id='word_1_142' title='bbox 789 2228 947 2266; x_wconf 86' lang='lat' dir='ltr'><strong>depugna</strong></span> <span class='ocrx_word' id='word_1_143' title='bbox 979 2227 1009 2258; x_wconf 92' lang='lat' dir='ltr'><em>T</em></span> <span class='ocrx_word' id='word_1_144' title='bbox 1105 2228 1173 2257; x_wconf 89' lang='lat' dir='ltr'><strong>telo</strong></span> <span class='ocrx_word' id='word_1_145' title='bbox 1199 2228 1281 2258; x_wconf 78' lang='lat' dir='ltr'><strong>AA:</strong></span> <span class='ocrx_word' id='word_1_146' title='bbox 1319 2227 1386 2257; x_wconf 89' lang='lat' dir='ltr'>talo</span> <span class='ocrx_word' id='word_1_147' title='bbox 1413 2227 1517 2257; x_wconf 62' lang='lat' dir='ltr'><strong>BACA</strong></span> 
     </span>
     <span class='ocr_line' id='line_1_25' title="bbox 187 2267 1518 2309; baseline 0 -10"><span class='ocrx_word' id='word_1_148' title='bbox 187 2280 203 2309; x_wconf 92' lang='lat'><em>7</em></span> <span class='ocrx_word' id='word_1_149' title='bbox 229 2270 311 2300; x_wconf 82' lang='lat' dir='ltr'><strong>haec</strong></span> <span class='ocrx_word' id='word_1_150' title='bbox 328 2274 379 2300; x_wconf 86' lang='lat' dir='ltr'><strong>est</strong></span> <span class='ocrx_word' id='word_1_151' title='bbox 397 2280 462 2299; x_wconf 81' lang='lat' dir='ltr'><strong>om.</strong></span> <span class='ocrx_word' id='word_1_152' title='bbox 480 2267 527 2299; x_wconf 76' lang='lat' dir='ltr'><strong>CA</strong></span> <span class='ocrx_word' id='word_1_153' title='bbox 617 2270 723 2301; x_wconf 83' lang='lat' dir='ltr'>fritilli</span> <span class='ocrx_word' id='word_1_154' title='bbox 742 2274 778 2300; x_wconf 79' lang='lat' dir='ltr'><strong>ut</strong></span> <span class='ocrx_word' id='word_1_155' title='bbox 793 2270 854 2301; x_wconf 81' lang='lat' dir='ltr'><em>vid.</em></span> <span class='ocrx_word' id='word_1_156' title='bbox 878 2271 925 2301; x_wconf 90' lang='lat' dir='ltr'><strong>T:</strong></span> <span class='ocrx_word' id='word_1_157' title='bbox 949 2270 1082 2301; x_wconf 83' lang='lat' dir='ltr'><strong>sritillus</strong></span> <span class='ocrx_word' id='word_1_158' title='bbox 1097 2271 1205 2301; x_wconf 78' lang='grc' dir='ltr'>ΒΑίἊ</span> <span class='ocrx_word' id='word_1_159' title='bbox 1294 2271 1314 2300; x_wconf 88' lang='grc'><strong>8</strong></span> <span class='ocrx_word' id='word_1_160' title='bbox 1338 2281 1406 2301; x_wconf 83' lang='grc'>11011</span> <span class='ocrx_word' id='word_1_161' title='bbox 1424 2271 1442 2302; x_wconf 86' lang='lat' dir='ltr'><strong>f.</strong></span> <span class='ocrx_word' id='word_1_162' title='bbox 1461 2270 1518 2299; x_wconf 74' lang='grc' dir='ltr'><strong>ΑΑ</strong></span> 
     </span>
    </p>

    <p class='ocr_par' dir='ltr' id='par_1_11' title="bbox 187 2311 1519 2441">
     <span class='ocr_line' id='line_1_26' title="bbox 232 2311 1519 2354; baseline -0.001 -11"><span class='ocrx_word' id='word_1_163' title='bbox 232 2313 263 2343; x_wconf 91' lang='grc' dir='ltr'><strong>ΙΙ</strong></span> <span class='ocrx_word' id='word_1_164' title='bbox 282 2313 356 2343; x_wconf 71' lang='lat' dir='ltr'><em>hab.</em></span> <span class='ocrx_word' id='word_1_165' title='bbox 380 2311 409 2342; x_wconf 88' lang='lat' dir='ltr'><em>T</em></span> <span class='ocrx_word' id='word_1_166' title='bbox 475 2323 485 2342; x_wconf 82' lang='grc' dir='ltr'><em>ι</em></span> <span class='ocrx_word' id='word_1_167' title='bbox 509 2312 619 2343; x_wconf 86' lang='lat' dir='ltr'><strong>Nasus</strong></span> <span class='ocrx_word' id='word_1_168' title='bbox 638 2314 731 2354; x_wconf 78' lang='lat' dir='ltr'><em>(EA)</em></span> <span class='ocrx_word' id='word_1_169' title='bbox 745 2313 794 2344; x_wconf 84' lang='lat' dir='ltr'><strong>vel</strong></span> <span class='ocrx_word' id='word_1_170' title='bbox 805 2314 954 2344; x_wconf 80' lang='lat' dir='ltr'><strong>Nasutus</strong></span> <span class='ocrx_word' id='word_1_171' title='bbox 967 2312 1033 2353; x_wconf 56' lang='lat' dir='ltr'><strong>v&#39;X)</strong></span> <span class='ocrx_word' id='word_1_172' title='bbox 1049 2314 1098 2344; x_wconf 76' lang='lat' dir='ltr'><strong>CA</strong></span> <span class='ocrx_word' id='word_1_173' title='bbox 1144 2314 1214 2344; x_wconf 82' lang='lat' dir='ltr'><strong>sid.</strong></span> <span class='ocrx_word' id='word_1_174' title='bbox 1232 2313 1261 2343; x_wconf 91' lang='lat' dir='ltr'><em>T</em></span> <span class='ocrx_word' id='word_1_175' title='bbox 1322 2325 1341 2343; x_wconf 91' lang='lat'><strong>2</strong></span> <span class='ocrx_word' id='word_1_176' title='bbox 1361 2319 1519 2353; x_wconf 80' lang='lat' dir='ltr'><strong>quantam</strong></span> 
     </span>
     <span class='ocr_line' id='line_1_27' title="bbox 187 2356 1518 2396; baseline 0 -10"><span class='ocrx_word' id='word_1_177' title='bbox 187 2361 323 2386; x_wconf 85' lang='lat' dir='ltr'><strong>rouerat</strong></span> <span class='ocrx_word' id='word_1_178' title='bbox 341 2356 361 2387; x_wconf 85' lang='lat' dir='ltr'><strong>f.</strong></span> <span class='ocrx_word' id='word_1_179' title='bbox 382 2361 520 2395; x_wconf 83' lang='lat' dir='ltr'><strong>rogatur</strong></span> <span class='ocrx_word' id='word_1_180' title='bbox 536 2367 564 2388; x_wconf 82' lang='lat' dir='ltr'><strong>a.</strong></span> <span class='ocrx_word' id='word_1_181' title='bbox 586 2356 632 2387; x_wconf 72' lang='lat' dir='ltr'><strong>CA</strong></span> <span class='ocrx_word' id='word_1_182' title='bbox 736 2367 756 2395; x_wconf 85' lang='lat'><strong>3</strong></span> <span class='ocrx_word' id='word_1_183' title='bbox 782 2359 894 2396; x_wconf 80' lang='lat' dir='ltr'><strong>possis</strong></span> <span class='ocrx_word' id='word_1_184' title='bbox 911 2357 1050 2388; x_wconf 68' lang='lat' dir='ltr'>AABA:</span> <span class='ocrx_word' id='word_1_185' title='bbox 1074 2366 1193 2396; x_wconf 80' lang='lat' dir='ltr'><strong>posses</strong></span> <span class='ocrx_word' id='word_1_186' title='bbox 1212 2356 1261 2387; x_wconf 74' lang='lat' dir='ltr'><strong>CA</strong></span> <span class='ocrx_word' id='word_1_187' title='bbox 1361 2367 1380 2395; x_wconf 86' lang='lat'>5</span> <span class='ocrx_word' id='word_1_188' title='bbox 1405 2356 1518 2396; x_wconf 84' lang='lat' dir='ltr'><strong>quam]</strong></span> 
     </span>
     <span class='ocr_line' id='line_1_28' title="bbox 187 2399 1467 2441; baseline -0.001 -11"><span class='ocrx_word' id='word_1_189' title='bbox 187 2401 247 2430; x_wconf 85' lang='lat' dir='ltr'><strong>sed</strong></span> <span class='ocrx_word' id='word_1_190' title='bbox 265 2400 324 2428; x_wconf 76' lang='grc' dir='ltr'><strong>ΑΑ</strong></span> <span class='ocrx_word' id='word_1_191' title='bbox 425 2410 442 2438; x_wconf 95' lang='lat'><strong>7</strong></span> <span class='ocrx_word' id='word_1_192' title='bbox 468 2400 639 2430; x_wconf 78' lang='lat' dir='ltr'><strong>minantur</strong></span> <span class='ocrx_word' id='word_1_193' title='bbox 656 2399 708 2429; x_wconf 70' lang='grc' dir='ltr'><strong>ΒΑ</strong></span> <span class='ocrx_word' id='word_1_194' title='bbox 727 2404 827 2441; x_wconf 63' lang='lat' dir='ltr'>(mat-</span> <span class='ocrx_word' id='word_1_195' title='bbox 846 2399 890 2441; x_wconf 87' lang='lat' dir='ltr'><strong>L)</strong></span> <span class='ocrx_word' id='word_1_196' title='bbox 993 2401 1012 2430; x_wconf 90' lang='lat'>8</span> <span class='ocrx_word' id='word_1_197' title='bbox 1036 2401 1122 2430; x_wconf 87' lang='lat' dir='ltr'><strong>habe</strong></span> <span class='ocrx_word' id='word_1_198' title='bbox 1140 2400 1272 2432; x_wconf 67' lang='lat' dir='ltr'>AABA:</span> <span class='ocrx_word' id='word_1_199' title='bbox 1299 2400 1402 2430; x_wconf 80' lang='lat' dir='ltr'><strong>habes</strong></span> <span class='ocrx_word' id='word_1_200' title='bbox 1421 2400 1467 2429; x_wconf 70' lang='grc' dir='ltr'><strong>(Ἀ</strong></span> 
     </span>
    </p>
   </div>
  </div>
 </body>
</html>
