1684 2763
235 147 292 186 M.
322 149 445 187 VAL.
478 149 790 189 MARTIALIS

229 268 338 306 nuda
366 269 506 307 recede
534 271 698 317 Venus3
735 283 815 308 non
845 277 903 309 est
932 278 1021 310 tuus
1050 271 1123 311 iste
1152 273 1329 313 libellus:

284 340 326 371 tu
355 333 462 381 mihi,
493 341 534 372 tu
565 336 691 373 Pallas
721 335 966 384 Caesariana,
997 337 1096 377 veni.

760 445 802 483 II

335 514 540 552 Fastorum
570 514 722 564 genitor
750 527 971 564 parensque
1002 517 1122 555 Ianus

332 577 518 617 victorem
549 580 670 616 modo
699 592 789 616 curn
819 579 968 618 videret
998 580 1134 627 Histri,

332 650 389 680 tot
417 644 546 681 vultus
576 643 650 681 sibi
679 656 759 681 non
789 643 880 682 satis
910 644 1059 693 putavit

331 707 558 756 optavitque
588 709 724 745 oculos
753 708 898 746 habere
926 710 1084 758 plures:

329 779 368 809 et
396 771 528 821 lingua
557 771 698 822 pariter
726 774 879 810 locutus
909 773 1017 811 omni
1533 795 1549 826 5

328 843 514 874 terrarum
545 836 709 875 domino
739 838 895 887 deoque
924 851 1053 876 rerum

328 900 505 949 promisit
535 901 683 950 Pyliam
714 909 850 951 quater
878 910 1089 941 senectam.

327 966 475 1014 Addas,
509 968 605 1005 Iane
634 974 753 1016 pater,
784 974 891 1005 tuam
922 981 1114 1018 rogamus.

743 1078 808 1114 111

220 1151 430 1202 ‘Quinque
459 1152 550 1191 satis
579 1153 754 1191 fuerant:
793 1166 884 1190 nam
914 1166 980 1191 sex
1009 1160 1208 1202 septemve
1237 1153 1356 1192 libelli

270 1224 328 1254 est
357 1217 547 1255 nimium:
586 1217 681 1266 quid
710 1218 841 1255 adhuc
871 1218 1016 1264 ludere,
1050 1219 1179 1264 Musa,
1211 1217 1348 1256 iuvat?

215 1280 264 1319 sit
292 1282 419 1330 pudor
448 1290 485 1320 et
515 1282 626 1320 finis:
665 1282 741 1320 iarn
772 1284 858 1331 plus
888 1282 984 1319 nihil
1012 1283 1159 1321 addere
1188 1283 1302 1321 nobis

268 1347 371 1384 fama
401 1354 551 1396 potest:
590 1347 724 1385 teritur
753 1354 885 1384 noster
913 1346 1061 1396 ubique
1090 1347 1211 1394 liber;

213 1418 251 1449 et
281 1424 371 1449 curn
401 1419 513 1462 rupta
542 1412 616 1450 situ
649 1413 843 1450 Messalae
873 1425 963 1449 saxa
992 1411 1176 1449 iacebunt
1526 1430 1543 1462 5

266 1477 423 1526 altaque
452 1490 543 1515 cum
574 1476 699 1514 Licini
729 1489 923 1514 marmora
952 1476 1077 1525 pulvis
1107 1484 1231 1523 erunt,

214 1554 276 1579 me
305 1548 437 1579 tamen
467 1555 534 1579 ora
562 1542 692 1591 legent
721 1548 758 1579 et
788 1554 922 1579 secum
951 1540 1141 1591 plurimus
1171 1542 1313 1591 hospes

264 1606 315 1644 ad
345 1606 486 1655 patrias
516 1608 629 1645 sedes
658 1605 830 1644 carmina
860 1613 991 1643 nostra
1019 1607 1138 1644 feret.’

214 1669 418 1717 Finieram,
449 1684 539 1709 cum
570 1670 624 1709 sic
654 1670 856 1720 respondit
885 1684 990 1708 nona
1025 1684 1213 1717 sororum,

264 1735 326 1772 cui
356 1748 470 1773 coma
499 1743 536 1773 et
566 1743 768 1784 unguento
797 1735 955 1774 sordida
983 1734 1099 1773 vestis
1129 1742 1235 1773 erat:
1500 1750 1540 1773 10

212 1800 352 1837 ‘Tune
382 1807 493 1849 potes
522 1799 657 1845 dulcis,
690 1799 848 1848 ingrate,
880 1798 1099 1848 relinquere
1129 1800 1281 1847 nugas?

263 1863 327 1902 dic
357 1863 463 1910 mihi,
495 1863 590 1913 quid
622 1863 758 1901 melius
788 1863 1009 1901 desidiosus
1038 1865 1161 1912 ages?

208 1941 258 1966 an
288 1928 392 1966 iuvat
421 1929 473 1967 ad
501 1928 665 1978 tragicos
695 1941 855 1966 soccum
886 1929 1090 1965 transferre
1120 1929 1333 1966 cothurnos

261 2006 397 2042 aspera
426 1994 486 2031 vel
516 1992 673 2042 paribus
704 1993 805 2031 bella
835 1999 969 2032 tonare
998 1992 1137 2038 modis,

207 2059 401 2107 praelegat
430 2065 471 2095 ut
501 2057 674 2095 tumidus
704 2070 819 2095 rauca
848 2064 885 2095 te
914 2070 1010 2094 voce
1040 2057 1222 2106 magister
1494 2072 1530 2104 15

261 2122 386 2161 oderit
416 2129 453 2161 et
482 2121 637 2172 grandis
667 2122 773 2171 virgo
803 2122 1010 2171 bonusque
1040 2123 1167 2172 puer?

253 2225 282 2256 11
307 2235 326 2255 2
350 2225 446 2255 histri
463 2225 517 2256 ΒΑ
536 2237 542 2256 :
567 2225 672 2255 histro
691 2223 740 2255 CA
851 2234 868 2263 7
892 2229 990 2263 pater
1008 2224 1056 2254 CA
1075 2224 1126 2264 (cf.
1144 2235 1173 2255 v.
1192 2224 1226 2256 83
1346 2224 1366 2254 8
1383 2234 1465 2254 sane
1483 2223 1531 2255 CA

252 2269 299 2299 III
324 2269 397 2299 hab.
420 2269 449 2299 T
533 2279 551 2298 2
569 2267 634 2307 est]
649 2273 682 2298 et
700 2267 748 2298 CA
849 2278 867 2306 4
887 2272 1000 2306 potest
1012 2268 1137 2306 poterit
1149 2277 1180 2297 n.
1196 2267 1243 2297 CA
1333 2268 1354 2296 6
1372 2267 1464 2298 linici
1482 2268 1544 2298 Tr

206 2312 318 2343 licinia
331 2312 408 2342 BA:
434 2311 491 2341 lini
510 2312 557 2341 CA
664 2321 699 2341 11
727 2315 823 2350 potes
841 2310 945 2352 (XV;
970 2311 1005 2350 cs.
1025 2310 1070 2349 Β)
1088 2311 1138 2340 vel
1151 2310 1194 2340 -is
1212 2310 1307 2349 (EA)
1327 2310 1375 2340 CA
1491 2321 1529 2341 12

205 2356 260 2395 qui
284 2355 313 2385 T
326 2355 454 2394 (ctsorl.
474 2355 547 2394 ΑΛ)
653 2355 751 2395 ages]
771 2354 856 2385 cites
877 2354 936 2384 ΑΛ
954 2364 961 2384 :
985 2353 1058 2392 agis
1077 2354 1123 2383 CA
1261 2363 1298 2392 13
1323 2358 1447 2384 annuat
1466 2376 1473 2383 .
1493 2378 1499 2384 .
1519 2379 1525 2385 .

204 2399 348 2430 transire
365 2399 424 2428 ΑΛ
538 2408 573 2436 14
599 2398 750 2438 patribus
766 2397 823 2428 BA
939 2406 977 2437 15
1003 2396 1055 2437 ut]
1073 2397 1107 2427 in
1129 2397 1158 2429 T
1270 2397 1309 2428 16
1331 2407 1397 2436 que
1413 2407 1483 2429 om.
1502 2397 1532 2428 T
