1684 2763
236 157 290 193 M.
323 158 443 194 VAL.
478 158 788 196 MARTIALIS

235 270 339 305 liunc
370 270 475 306 Nero
505 269 732 308 damnavit:
771 271 840 308 sed
870 278 910 308 tu
941 271 1127 309 damnare
1158 272 1358 311 Neronem

287 345 403 370 ausus
433 347 473 371 es
504 342 541 371 et
570 333 734 383 profugi,
766 348 846 372 non
876 342 952 381 tua,
984 336 1060 372 fata
1089 335 1222 384 sequi:

233 410 403 445 aequora
432 411 500 447 per
528 399 678 447 Scyllae
708 412 870 448 magnus
900 412 1033 437 comes
1062 400 1183 438 exulis
1213 399 1286 447 isti,
1539 418 1555 448 5

288 461 353 510 qui
385 463 504 500 niodo
534 464 713 500 nolueras
743 463 914 501 consulis
944 463 997 501 ire
1026 477 1168 502 comes.

235 525 271 561 si
304 525 450 563 victura
481 526 576 564 meis
606 528 843 565 mandantur
872 528 1032 566 nomina
1061 528 1203 567 chartis

289 597 325 627 et
355 591 410 627 fas
440 598 496 628 est
526 591 644 628 cineri
675 605 737 629 nie
766 605 968 640 superesse
998 606 1109 630 meo:

233 653 365 692 audiet
395 656 470 692 hoc
499 668 682 704 praesens
711 663 951 704 venturaque
981 657 1093 694 turba
1122 657 1239 695 fuisse

288 718 339 755 illi
371 727 421 759 te,
451 720 622 757 Senecae
652 721 759 769 quod
790 720 860 758 fuit
889 720 953 758 ille
982 734 1063 758 suo.
1518 738 1557 760 10

788 864 898 899 XLV

342 943 516 980 Facundi
548 945 720 982 Senecae
750 952 889 993 potens
918 944 1079 992 amicus,

340 1021 429 1046 caro
458 1008 656 1057 proximus
685 1016 751 1046 aut
781 1008 884 1058 prior
914 1010 1073 1057 Sereno)

340 1071 402 1109 hic
432 1079 489 1109 est
520 1072 717 1110 Maximus
746 1072 819 1119 ille,
852 1086 969 1122 quen]
1000 1073 1192 1123 frequenti

341 1135 427 1173 felix
458 1136 582 1174 littera
610 1136 751 1186 pagina
781 1138 930 1174 salutat.

340 1201 444 1238 hunc
474 1208 514 1238 tu
544 1214 611 1249 per
640 1201 788 1239 Siculas
818 1209 973 1239 secutus
1003 1203 1140 1249 undas,
1536 1219 1553 1250 5

340 1278 363 1302 o
392 1265 517 1310 nullis,
550 1265 679 1311 Ovidi,
711 1267 876 1304 tacende
906 1266 1058 1315 linguis,

339 1329 513 1378 sprevisti
543 1330 693 1367 domini
722 1330 883 1368 furentis
913 1330 996 1368 iras.

341 1394 505 1431 Miretur
535 1395 707 1443 Pyladen
737 1408 850 1432 suurn
880 1403 1063 1442 vetustas,

340 1458 461 1496 haesit
491 1458 557 1508 qui
586 1472 718 1497 comes
748 1459 849 1497 exuli
878 1459 1059 1509 parentis.

338 1522 424 1571 quis
453 1523 677 1561 discrimina
706 1532 891 1572 conparet
920 1525 1121 1562 duorum?
1514 1540 1552 1563 10

339 1587 493 1625 haesisti
524 1602 657 1626 comes
686 1588 787 1626 exuli
818 1588 998 1626 Neronis.

769 1721 901 1757 XLVI

233 1795 522 1832 Commendare
552 1802 661 1831 tuum
693 1795 788 1832 dum
818 1794 874 1832 vis
904 1794 999 1831 mihi
1029 1794 1201 1832 carmine
1231 1808 1372 1833 munus

287 1857 552 1906 Maeonioque
581 1857 691 1906 cupis
720 1858 874 1896 doctius
904 1872 969 1896 ore
1003 1858 1121 1907 loqui,

230 1921 426 1959 excrucias
457 1922 586 1959 multis
616 1921 756 1971 pariter
785 1936 848 1960 me
878 1930 993 1972 teque
1023 1922 1173 1969 diebus,

284 1995 321 2024 et
351 1995 416 2024 tua
445 1988 495 2024 de
525 1994 673 2033 nostro,
702 1986 843 2033 Prisce,
875 1987 1015 2024 Thalia
1044 1995 1156 2025 tacet.

231 2050 415 2088 divitibus
445 2051 589 2099 poteris
619 2064 749 2088 musas
779 2053 989 2101 elegosque
1023 2060 1207 2089 sonantes
1531 2068 1549 2099 5

285 2115 461 2153 mittere:
500 2115 738 2165 pauperibus
769 2129 930 2154 munera
958 2117 1050 2162 πεζά
1079 2117 1182 2154 dato.

275 2227 385 2257 XLIV
408 2238 427 2265 4
452 2237 552 2258 ausus
569 2228 604 2268 (i.
615 2238 637 2258 e.
659 2228 759 2263 -u’sll
777 2232 812 2258 et
828 2239 892 2258 non
911 2239 943 2267 p.
964 2239 995 2260 n.
1015 2229 1068 2258 BA
1191 2238 1210 2266 5
1235 2239 1352 2259 manus
1366 2229 1420 2258 ΒΑ
1533 2240 1550 2268 7

232 2271 266 2300 Si
284 2270 357 2301 Ital.
374 2283 380 2301 ε
404 2271 460 2301 Sic
476 2271 562 2300 codd.
661 2271 753 2301 XLV
778 2282 796 2301 2
820 2282 885 2302 om.
905 2271 960 2300 BA
1026 2274 1046 2301 6
1062 2282 1081 2300 o
1100 2271 1169 2302 nul.
1188 2272 1272 2312 Ov.]
1291 2283 1310 2302 o
1330 2272 1411 2302 nulli
1430 2272 1480 2303 uis
1495 2272 1551 2302 BA

230 2324 250 2351 9
273 2324 358 2352 quae
375 2324 402 2344 c.
422 2314 530 2344 exulis
545 2313 600 2343 BA
729 2324 764 2344 11
791 2325 855 2345 om.
875 2314 931 2344 ΒΑ
949 2315 1044 2353 (sort.
1061 2319 1189 2344 secutus
1202 2319 1270 2344 erat
1286 2326 1415 2345 versum
1433 2316 1469 2355 9)

274 2357 381 2387 XLVI
408 2357 481 2387 lzab.
499 2357 532 2387 R
620 2368 639 2395 4
664 2362 698 2387 et
715 2358 798 2387 uade
815 2357 869 2387 BA
936 2359 1027 2397 pisce
1045 2357 1098 2387 BA
1163 2358 1272 2397 placet
1288 2358 1342 2388 BA
1430 2360 1451 2389 6
1475 2357 1549 2398 πεζά

229 2399 382 2432 Palmer:
407 2401 499 2439 pisce
521 2411 601 2432 corr.
618 2401 729 2440 prisce
745 2401 801 2432 R:
823 2411 911 2440 pexa
927 2401 1004 2433 BA:
1029 2401 1129 2441 plena
1147 2401 1233 2431 CAN
