1684 2715
242 96 297 134 M.
330 96 451 134 VAL.
485 97 798 136 MARTIALIS

682 211 816 247 LXVI

188 279 313 325 Erras,
346 292 521 317 meorum
552 281 612 317 fur
639 293 753 319 avare
782 280 982 328 librorum,

188 343 267 381 fieri
297 352 454 393 poetam
485 358 601 394 posse
630 345 697 394 qui
727 353 840 395 putas
871 346 978 393 tanti,

187 408 375 458 scriptura
405 409 541 459 quanti
571 418 725 448 constet
754 418 793 449 et
822 419 953 450 tomus
983 411 1096 450 vilis:

187 486 266 511 non
296 487 363 512 sex
392 483 546 524 paratur
574 482 641 513 aut
670 476 809 514 decem
840 477 987 526 sophos
1016 476 1200 515 nummis.

185 546 334 577 secreta
362 553 505 589 quaere
535 540 708 578 carmina
737 548 775 579 et
804 542 919 579 rudes
949 554 1060 579 curas
1496 558 1513 587 5

185 616 281 652 quas
312 604 420 643 novit
450 618 550 642 unus
580 605 803 654 scrinioque
833 605 1003 655 signatas

185 669 357 707 custodit
386 669 468 718 ipse
498 669 655 720 virginis
685 678 794 719 pater
823 672 991 718 chartae,

184 747 284 782 quae
314 733 401 772 trita
430 735 529 772 duro
559 748 639 773 non
669 734 861 773 inhorruit
890 742 1036 774 mento.

185 806 333 837 mutare
363 799 569 837 dominum
601 813 681 837 non
711 808 840 849 potest
870 800 967 838 liber
995 808 1123 839 notus.

182 864 252 901 sed
282 864 480 913 pumicata
509 866 635 902 fronte
665 864 696 903 si
726 865 813 915 quis
843 874 899 904 est
930 867 1109 904 nondum
1476 883 1514 906 10

182 942 254 966 nec
285 929 480 967 umbilicis
510 931 637 968 cultus
665 937 784 980 atque
815 931 1054 977 membrana,

183 1007 376 1032 mercare:
416 996 511 1032 tales
542 995 698 1043 habeo,·
737 1009 809 1033 nec
839 995 934 1034 sciet
964 996 1183 1045 quisquam.

179 1058 307 1097 aliena
336 1059 513 1109 quisquis
543 1059 677 1098 recitat
707 1067 744 1098 et
774 1060 870 1109 petit
900 1062 1054 1107 famam,

181 1137 260 1162 non
290 1137 419 1162 emere
450 1124 603 1171 librum,
635 1126 704 1163 sed
733 1125 931 1163 silentium
963 1118 1092 1164 debet.

661 1218 817 1255 LXVII
1296 1262 1298 1265 y

182 1287 323 1325 ‘Liber
353 1288 473 1325 homo
503 1301 544 1325 es
575 1287 764 1334 nimium‚'
794 1287 891 1326 dicis
922 1288 1029 1335 mihi,
1062 1289 1211 1338 Ceryle,
1245 1302 1408 1339 semper.

235 1350 280 1386 In
312 1357 349 1387 te
378 1349 444 1398 qui
475 1349 580 1396 dicit,
613 1351 762 1399 Ceryle,
794 1350 891 1388 liber
920 1352 1040 1389 homo
1070 1358 1137 1389 est.

646 1444 825 1480 LXVIII

180 1512 387 1561 Quidquid
416 1512 494 1562 agit
526 1514 663 1560 Rufus,
695 1513 790 1551 nihil
821 1521 879 1551 est
910 1513 982 1551 nisi
1013 1513 1163 1552 Naevia
1194 1515 1309 1553 Rufo.

231 1577 261 1614 si
291 1579 446 1627 gaudet,
479 1577 508 1615 si
540 1579 615 1624 flet,
648 1577 679 1615 si
710 1586 822 1624 tacet,
854 1579 956 1616 hanc
985 1579 1166 1628 loquitur.

177 1650 301 1687 cenat,
335 1641 526 1692 propinat,
559 1642 697 1691 poscit,
730 1650 856 1691 negat,
888 1642 1039 1680 innuit:
1079 1656 1157 1680 una
1187 1651 1244 1681 est

231 1704 406 1751 Naevia3
443 1703 473 1741 si
504 1717 583 1742 non
614 1703 662 1742 sit
693 1704 852 1751 Naevia,
885 1712 1016 1742 mutus
1046 1705 1126 1743 erit.

177 1769 361 1807 scriberet
391 1770 573 1807 hesterna
602 1768 700 1818 patri
730 1782 820 1806 cum
851 1770 939 1807 luce
969 1771 1147 1816 salutem,
1488 1788 1504 1816 5

232 1833 405 1872 ‘Naevia
434 1835 517 1872 lux’
548 1833 674 1883 inquit
706 1833 879 1871 ‘Naevia
907 1835 1052 1880 lumen,
1085 1835 1208 1872 havc.'

178 1900 291 1937 Haec
321 1898 411 1948 legit
441 1906 479 1937 et
508 1898 608 1937 ridet
637 1898 811 1937 demisso
843 1898 992 1936 Naevia
1022 1900 1141 1937 voltu.

230 1963 379 2001 Naevia
410 1978 488 2001 non
520 1977 598 2001 una
627 1971 707 2001 est:
747 1963 853 2013 quid,
886 1962 942 2001 vir
971 1963 1113 2013 inepte,
1145 1962 1267 2001 furis?

221 2061 329 2092 LXVI
355 2072 373 2100 3
398 2067 531 2093 constet
547 2061 621 2092 BA:
647 2067 780 2093 constat
800 2061 849 2093 CA
969 2073 988 2100 4
1012 2061 1154 2092 nummis
1169 2061 1297 2100 sophos
1314 2061 1367 2090 ΒΑ
1484 2071 1503 2100 5

173 2116 317 2143 querere
334 2105 388 2135 ΒΑ
521 2116 537 2144 7
563 2110 659 2145 pater
674 2106 824 2147 chartae]
844 2110 960 2145 partae
978 2104 1027 2136 CA
1044 2106 1123 2144 (non
1140 2107 1189 2143 A)
1326 2104 1346 2134 8
1371 2105 1436 2135 duo
1455 2104 1503 2135 CA

174 2149 302 2179 horruit
321 2149 369 2179 CA
504 2159 543 2179 10
566 2149 723 2188 pumicata
738 2149 793 2178 BA
927 2159 961 2178 11
987 2148 1161 2179 umbilicus
1179 2147 1227 2178 CA

218 2192 344 2222 LXVII
370 2190 442 2222 hab.
464 2191 493 2221 T
589 2203 601 2221 1
629 2193 727 2234 dicis]
747 2193 829 2223 disci
849 2192 898 2223 CA
916 2193 995 2232 (uon
1012 2192 1060 2232 A)
1163 2201 1189 2230 1,
1207 2201 1226 2221 2
1250 2190 1383 2221 caerule
1398 2191 1500 2231 (cer-)

173 2235 312 2266 AABA:
336 2234 449 2273 eeryle
467 2235 553 2273 (dle)
574 2235 623 2265 CA
746 2246 765 2265 2
790 2236 846 2275 qui
871 2235 964 2274 degit
990 2235 1039 2266 CA
1161 2245 1198 2265 es
1225 2234 1282 2273 CA,
1304 2233 1388 2264 unde
1409 2234 1443 2264 in
1469 2238 1502 2264 te

172 2279 247 2319 quis
269 2278 357 2317 dicit,
385 2279 519 2317 Ceryle.
545 2278 648 2308 ‘liber
672 2279 772 2309 homo
797 2279 878 2311 es'3
912 2279 974 2311 Ed.
995 2277 1160 2319 IVagncr:
1184 2278 1265 2317 soff.
1283 2277 1505 2317 mterrogative

172 2324 191 2354 l.
214 2323 246 2352 h.
267 2326 318 2352 est
330 2323 351 2358 3,
369 2321 423 2352 1'.e.
446 2321 661 2360 impudcnsne
676 2322 762 2352 debet
775 2323 906 2354 vocati?

216 2365 361 2396 LXVIII
387 2365 461 2396 hab.
485 2365 513 2395 T
632 2375 645 2394 1
673 2365 736 2396 nisi
754 2376 821 2397 om.
843 2366 873 2397 T
996 2376 1013 2406 5
1037 2364 1219 2404 scripserat
1235 2364 1313 2394 24³⁸:
1338 2364 1503 2395 scriberet

171 2409 279 2440 ΒΑΕΔ
411 2408 431 2437 8
454 2408 536 2450 una]
553 2419 640 2438 uana
663 2408 692 2438 T
