<?xml version="1.0" encoding="UTF-8"?>
<!DOCTYPE html PUBLIC "-//W3C//DTD XHTML 1.0 Transitional//EN"
    "http://www.w3.org/TR/xhtml1/DTD/xhtml1-transitional.dtd">
<html xmlns="http://www.w3.org/1999/xhtml" xml:lang="en" lang="en">
 <head>
  <title>
</title>
<meta http-equiv="Content-Type" content="text/html;charset=utf-8" />
  <meta name='ocr-system' content='tesseract 3.04.00' />
  <meta name='ocr-capabilities' content='ocr_page ocr_carea ocr_par ocr_line ocrx_word'/>
</head>
<body>
  <div class='ocr_page' id='page_1' title='image "./epigrammatarecog00martuoft/epigrammatarecog00martuoft_0109.png"; bbox 0 0 1684 2763; ppageno 0'>
   <div class='ocr_carea' id='block_1_1' title="bbox 642 132 1491 284">
    <p class='ocr_par' dir='ltr' id='par_1_1' title="bbox 642 132 1491 284">
     <span class='ocr_line' id='line_1_1' title="bbox 786 132 1491 171; baseline 0.003 -2"><span class='ocrx_word' id='word_1_1' title='bbox 786 132 1257 171; x_wconf 89' lang='lat' dir='ltr'>EPIGRAMMATON</span> <span class='ocrx_word' id='word_1_2' title='bbox 1290 134 1391 171; x_wconf 85' lang='lat' dir='ltr'>LIB.</span> <span class='ocrx_word' id='word_1_3' title='bbox 1426 134 1491 171; x_wconf 92' lang='lat' dir='ltr'>III</span> 
     </span>
     <span class='ocr_line' id='line_1_2' title="bbox 642 246 781 284; baseline 0.007 -1"><span class='ocrx_word' id='word_1_4' title='bbox 642 246 781 284; x_wconf 92' lang='lat' dir='ltr'>XXVI</span> 
     </span>
    </p>
   </div>
   <div class='ocr_carea' id='block_1_2' title="bbox 157 327 1313 706">
    <p class='ocr_par' dir='ltr' id='par_1_2' title="bbox 161 327 1286 441">
     <span class='ocr_line' id='line_1_3' title="bbox 161 327 1286 375; baseline 0.001 -9"><span class='ocrx_word' id='word_1_5' title='bbox 161 327 325 366; x_wconf 78' lang='lat' dir='ltr'>Praedia</span> <span class='ocrx_word' id='word_1_6' title='bbox 354 329 460 366; x_wconf 86' lang='lat' dir='ltr'>solus</span> <span class='ocrx_word' id='word_1_7' title='bbox 491 327 613 366; x_wconf 89' lang='lat' dir='ltr'>habes</span> <span class='ocrx_word' id='word_1_8' title='bbox 644 335 682 366; x_wconf 88' lang='lat' dir='ltr'>et</span> <span class='ocrx_word' id='word_1_9' title='bbox 711 329 830 375; x_wconf 81' lang='lat' dir='ltr'>solus,</span> <span class='ocrx_word' id='word_1_10' title='bbox 863 327 1056 375; x_wconf 79' lang='lat' dir='ltr'>Candide,</span> <span class='ocrx_word' id='word_1_11' title='bbox 1089 342 1286 375; x_wconf 76' lang='lat' dir='ltr'>nummos,</span> 
     </span>
     <span class='ocr_line' id='line_1_4' title="bbox 211 393 1130 441; baseline 0.001 -10"><span class='ocrx_word' id='word_1_12' title='bbox 211 407 328 431; x_wconf 88' lang='lat' dir='ltr'>aurea</span> <span class='ocrx_word' id='word_1_13' title='bbox 357 395 463 431; x_wconf 87' lang='lat' dir='ltr'>solus</span> <span class='ocrx_word' id='word_1_14' title='bbox 493 393 626 441; x_wconf 84' lang='lat' dir='ltr'>habes,</span> <span class='ocrx_word' id='word_1_15' title='bbox 659 393 831 431; x_wconf 85' lang='lat' dir='ltr'>murrina</span> <span class='ocrx_word' id='word_1_16' title='bbox 859 395 966 432; x_wconf 84' lang='lat' dir='ltr'>solus</span> <span class='ocrx_word' id='word_1_17' title='bbox 995 394 1130 441; x_wconf 78' lang='lat' dir='ltr'>habes,</span> 
     </span>
    </p>

    <p class='ocr_par' dir='ltr' id='par_1_3' title="bbox 159 458 1217 575">
     <span class='ocr_line' id='line_1_5' title="bbox 159 458 1217 509; baseline 0.002 -13"><span class='ocrx_word' id='word_1_18' title='bbox 159 458 331 497; x_wconf 87' lang='lat' dir='ltr'>Massica</span> <span class='ocrx_word' id='word_1_19' title='bbox 360 460 466 497; x_wconf 86' lang='lat' dir='ltr'>solus</span> <span class='ocrx_word' id='word_1_20' title='bbox 496 460 619 498; x_wconf 85' lang='lat' dir='ltr'>habes</span> <span class='ocrx_word' id='word_1_21' title='bbox 649 466 687 497; x_wconf 86' lang='lat' dir='ltr'>et</span> <span class='ocrx_word' id='word_1_22' title='bbox 717 458 853 509; x_wconf 80' lang='lat' dir='ltr'>Opimi</span> <span class='ocrx_word' id='word_1_23' title='bbox 883 460 1071 499; x_wconf 83' lang='lat' dir='ltr'>Caecuba</span> <span class='ocrx_word' id='word_1_24' title='bbox 1100 461 1217 505; x_wconf 83' lang='lat' dir='ltr'>solus,</span> 
     </span>
     <span class='ocr_line' id='line_1_6' title="bbox 211 524 1091 575; baseline 0 -13"><span class='ocrx_word' id='word_1_25' title='bbox 211 531 249 562; x_wconf 87' lang='lat' dir='ltr'>et</span> <span class='ocrx_word' id='word_1_26' title='bbox 278 537 346 562; x_wconf 91' lang='lat' dir='ltr'>cor</span> <span class='ocrx_word' id='word_1_27' title='bbox 374 526 480 562; x_wconf 91' lang='lat' dir='ltr'>solus</span> <span class='ocrx_word' id='word_1_28' title='bbox 510 524 643 571; x_wconf 86' lang='lat' dir='ltr'>habes,</span> <span class='ocrx_word' id='word_1_29' title='bbox 675 526 781 563; x_wconf 92' lang='lat' dir='ltr'>solus</span> <span class='ocrx_word' id='word_1_30' title='bbox 811 532 848 563; x_wconf 85' lang='lat' dir='ltr'>et</span> <span class='ocrx_word' id='word_1_31' title='bbox 878 524 1091 575; x_wconf 76' lang='lat' dir='ltr'>ingenium.</span> 
     </span>
    </p>

    <p class='ocr_par' dir='ltr' id='par_1_4' title="bbox 157 588 1313 706">
     <span class='ocr_line' id='line_1_7' title="bbox 157 588 1313 640; baseline 0.001 -13"><span class='ocrx_word' id='word_1_32' title='bbox 157 588 291 627; x_wconf 88' lang='lat' dir='ltr'>omnia</span> <span class='ocrx_word' id='word_1_33' title='bbox 320 591 426 628; x_wconf 87' lang='lat' dir='ltr'>solus</span> <span class='ocrx_word' id='word_1_34' title='bbox 456 590 713 628; x_wconf 88' lang='lat' dir='ltr'>habes—hoc</span> <span class='ocrx_word' id='word_1_35' title='bbox 744 603 807 628; x_wconf 89' lang='lat' dir='ltr'>me</span> <span class='ocrx_word' id='word_1_36' title='bbox 836 598 931 640; x_wconf 86' lang='lat' dir='ltr'>puta</span> <span class='ocrx_word' id='word_1_37' title='bbox 961 591 1060 629; x_wconf 89' lang='lat' dir='ltr'>velle</span> <span class='ocrx_word' id='word_1_38' title='bbox 1090 603 1231 640; x_wconf 83' lang='lat' dir='ltr'>negare</span> <span class='ocrx_word' id='word_1_39' title='bbox 1251 594 1313 628; x_wconf 73' lang='lat' dir='ltr'>l·—</span> 
     </span>
     <span class='ocr_line' id='line_1_8' title="bbox 211 655 1175 706; baseline 0 -13"><span class='ocrx_word' id='word_1_40' title='bbox 211 668 371 694; x_wconf 83' lang='lat' dir='ltr'>uxorem</span> <span class='ocrx_word' id='word_1_41' title='bbox 402 656 471 694; x_wconf 88' lang='lat' dir='ltr'>sed</span> <span class='ocrx_word' id='word_1_42' title='bbox 502 656 635 702; x_wconf 84' lang='lat' dir='ltr'>habes,</span> <span class='ocrx_word' id='word_1_43' title='bbox 667 655 862 703; x_wconf 77' lang='lat' dir='ltr'>Candide,</span> <span class='ocrx_word' id='word_1_44' title='bbox 893 670 984 694; x_wconf 91' lang='lat' dir='ltr'>cum</span> <span class='ocrx_word' id='word_1_45' title='bbox 1016 657 1175 706; x_wconf 90' lang='lat' dir='ltr'>populo.</span> 
     </span>
    </p>
   </div>
   <div class='ocr_carea' id='block_1_3' title="bbox 633 756 795 792">
    <p class='ocr_par' dir='ltr' id='par_1_5' title="bbox 633 756 795 792">
     <span class='ocr_line' id='line_1_9' title="bbox 633 756 795 792; baseline 0 0"><span class='ocrx_word' id='word_1_46' title='bbox 633 756 795 792; x_wconf 92' lang='lat' dir='ltr'>XXVII</span> 
     </span>
    </p>
   </div>
   <div class='ocr_carea' id='block_1_4' title="bbox 155 837 1376 1083">
    <p class='ocr_par' dir='ltr' id='par_1_6' title="bbox 157 837 1328 952">
     <span class='ocr_line' id='line_1_10' title="bbox 157 837 1328 887; baseline 0.001 -13"><span class='ocrx_word' id='word_1_47' title='bbox 157 838 387 887; x_wconf 79' lang='lat' dir='ltr'>Numquam</span> <span class='ocrx_word' id='word_1_48' title='bbox 418 851 481 876; x_wconf 90' lang='lat' dir='ltr'>me</span> <span class='ocrx_word' id='word_1_49' title='bbox 510 851 682 884; x_wconf 78' lang='lat' dir='ltr'>revocas,</span> <span class='ocrx_word' id='word_1_50' title='bbox 712 837 846 876; x_wconf 87' lang='lat' dir='ltr'>venias</span> <span class='ocrx_word' id='word_1_51' title='bbox 876 851 966 875; x_wconf 90' lang='lat' dir='ltr'>cum</span> <span class='ocrx_word' id='word_1_52' title='bbox 997 850 1114 887; x_wconf 87' lang='lat' dir='ltr'>saepe</span> <span class='ocrx_word' id='word_1_53' title='bbox 1144 845 1328 876; x_wconf 85' lang='lat' dir='ltr'>vocatus:</span> 
     </span>
     <span class='ocr_line' id='line_1_11' title="bbox 209 901 1107 952; baseline 0 -12"><span class='ocrx_word' id='word_1_54' title='bbox 209 901 382 952; x_wconf 83' lang='lat' dir='ltr'>ignosco,</span> <span class='ocrx_word' id='word_1_55' title='bbox 415 904 566 941; x_wconf 89' lang='lat' dir='ltr'>nullum</span> <span class='ocrx_word' id='word_1_56' title='bbox 596 903 627 941; x_wconf 91' lang='lat' dir='ltr'>si</span> <span class='ocrx_word' id='word_1_57' title='bbox 658 904 791 949; x_wconf 91' lang='lat' dir='ltr'>modo,</span> <span class='ocrx_word' id='word_1_58' title='bbox 824 904 948 949; x_wconf 78' lang='lat' dir='ltr'>Galle,</span> <span class='ocrx_word' id='word_1_59' title='bbox 979 916 1107 941; x_wconf 90' lang='lat' dir='ltr'>vocas.</span> 
     </span>
    </p>

    <p class='ocr_par' dir='ltr' id='par_1_7' title="bbox 155 967 1376 1083">
     <span class='ocr_line' id='line_1_12' title="bbox 155 967 1376 1018; baseline 0 -13"><span class='ocrx_word' id='word_1_60' title='bbox 155 967 294 1006; x_wconf 86' lang='lat' dir='ltr'>invitas</span> <span class='ocrx_word' id='word_1_61' title='bbox 323 968 447 1006; x_wconf 86' lang='lat' dir='ltr'>alios:</span> <span class='ocrx_word' id='word_1_62' title='bbox 486 968 623 1006; x_wconf 90' lang='lat' dir='ltr'>vitium</span> <span class='ocrx_word' id='word_1_63' title='bbox 654 976 712 1007; x_wconf 87' lang='lat' dir='ltr'>est</span> <span class='ocrx_word' id='word_1_64' title='bbox 742 967 956 1018; x_wconf 85' lang='lat' dir='ltr'>utriusque.</span> <span class='ocrx_word' id='word_1_65' title='bbox 1009 969 1204 1016; x_wconf 83' lang='lat' dir='ltr'>‘Quod?&#39;</span> <span class='ocrx_word' id='word_1_66' title='bbox 1235 967 1376 1018; x_wconf 82' lang='lat' dir='ltr'>inquis.</span> 
     </span>
     <span class='ocr_line' id='line_1_13' title="bbox 210 1033 1187 1083; baseline 0.001 -13"><span class='ocrx_word' id='word_1_67' title='bbox 210 1035 260 1071; x_wconf 88' lang='lat' dir='ltr'>Et</span> <span class='ocrx_word' id='word_1_68' title='bbox 290 1033 385 1071; x_wconf 90' lang='lat' dir='ltr'>mihi</span> <span class='ocrx_word' id='word_1_69' title='bbox 415 1047 482 1071; x_wconf 89' lang='lat' dir='ltr'>cor</span> <span class='ocrx_word' id='word_1_70' title='bbox 512 1047 593 1072; x_wconf 87' lang='lat' dir='ltr'>non</span> <span class='ocrx_word' id='word_1_71' title='bbox 622 1040 681 1071; x_wconf 85' lang='lat' dir='ltr'>est</span> <span class='ocrx_word' id='word_1_72' title='bbox 711 1042 749 1072; x_wconf 87' lang='lat' dir='ltr'>et</span> <span class='ocrx_word' id='word_1_73' title='bbox 778 1033 860 1079; x_wconf 88' lang='lat' dir='ltr'>tibi,</span> <span class='ocrx_word' id='word_1_74' title='bbox 893 1034 1017 1080; x_wconf 85' lang='lat' dir='ltr'>Galle,</span> <span class='ocrx_word' id='word_1_75' title='bbox 1049 1034 1187 1083; x_wconf 88' lang='lat' dir='ltr'>pudor.</span> 
     </span>
    </p>
   </div>
   <div class='ocr_carea' id='block_1_5' title="bbox 620 1133 806 1170">
    <p class='ocr_par' dir='ltr' id='par_1_8' title="bbox 620 1133 806 1170">
     <span class='ocr_line' id='line_1_14' title="bbox 620 1133 806 1170; baseline 0.005 -1"><span class='ocrx_word' id='word_1_76' title='bbox 620 1133 806 1170; x_wconf 90' lang='lat' dir='ltr'>XXVIII</span> 
     </span>
    </p>
   </div>
   <div class='ocr_carea' id='block_1_6' title="bbox 154 1213 1208 1329">
    <p class='ocr_par' dir='ltr' id='par_1_9' title="bbox 154 1213 1208 1329">
     <span class='ocr_line' id='line_1_15' title="bbox 154 1213 1060 1263; baseline 0 -12"><span class='ocrx_word' id='word_1_77' title='bbox 154 1213 382 1252; x_wconf 81' lang='lat' dir='ltr'>Auriculam</span> <span class='ocrx_word' id='word_1_78' title='bbox 415 1213 543 1252; x_wconf 90' lang='lat' dir='ltr'>Mario</span> <span class='ocrx_word' id='word_1_79' title='bbox 571 1213 737 1263; x_wconf 84' lang='lat' dir='ltr'>graviter</span> <span class='ocrx_word' id='word_1_80' title='bbox 767 1213 914 1252; x_wconf 86' lang='lat' dir='ltr'>miraris</span> <span class='ocrx_word' id='word_1_81' title='bbox 944 1215 1060 1252; x_wconf 88' lang='lat' dir='ltr'>olere.</span> 
     </span>
     <span class='ocr_line' id='line_1_16' title="bbox 207 1279 1208 1329; baseline 0.001 -13"><span class='ocrx_word' id='word_1_82' title='bbox 207 1280 269 1317; x_wconf 89' lang='lat' dir='ltr'>Tu</span> <span class='ocrx_word' id='word_1_83' title='bbox 299 1279 393 1317; x_wconf 83' lang='lat' dir='ltr'>facis</span> <span class='ocrx_word' id='word_1_84' title='bbox 423 1281 523 1318; x_wconf 88' lang='lat' dir='ltr'>hoc:</span> <span class='ocrx_word' id='word_1_85' title='bbox 561 1279 692 1329; x_wconf 83' lang='lat' dir='ltr'>garris,</span> <span class='ocrx_word' id='word_1_86' title='bbox 725 1281 879 1326; x_wconf 88' lang='lat' dir='ltr'>Nestor,</span> <span class='ocrx_word' id='word_1_87' title='bbox 913 1279 952 1317; x_wconf 89' lang='lat' dir='ltr'>in</span> <span class='ocrx_word' id='word_1_88' title='bbox 982 1279 1208 1318; x_wconf 77' lang='lat' dir='ltr'>auriculam.</span> 
     </span>
    </p>
   </div>
   <div class='ocr_carea' id='block_1_7' title="bbox 654 1380 795 1417">
    <p class='ocr_par' dir='ltr' id='par_1_10' title="bbox 654 1380 795 1417">
     <span class='ocr_line' id='line_1_17' title="bbox 654 1380 795 1417; baseline 0 -1"><span class='ocrx_word' id='word_1_89' title='bbox 654 1380 795 1417; x_wconf 87' lang='lat' dir='ltr'>XXIX</span> 
     </span>
    </p>
   </div>
   <div class='ocr_carea' id='block_1_8' title="bbox 153 1460 1159 1576">
    <p class='ocr_par' dir='ltr' id='par_1_11' title="bbox 153 1460 1159 1576">
     <span class='ocr_line' id='line_1_18' title="bbox 155 1460 1159 1511; baseline 0 -13"><span class='ocrx_word' id='word_1_90' title='bbox 155 1461 241 1498; x_wconf 87' lang='lat' dir='ltr'>Has</span> <span class='ocrx_word' id='word_1_91' title='bbox 271 1474 361 1499; x_wconf 85' lang='lat' dir='ltr'>cum</span> <span class='ocrx_word' id='word_1_92' title='bbox 391 1461 549 1510; x_wconf 76' lang='lat' dir='ltr'>gemina</span> <span class='ocrx_word' id='word_1_93' title='bbox 577 1462 773 1511; x_wconf 85' lang='lat' dir='ltr'>compede</span> <span class='ocrx_word' id='word_1_94' title='bbox 802 1460 960 1499; x_wconf 83' lang='lat' dir='ltr'>dedicat</span> <span class='ocrx_word' id='word_1_95' title='bbox 989 1468 1159 1506; x_wconf 82' lang='lat' dir='ltr'>catenas,</span> 
     </span>
     <span class='ocr_line' id='line_1_19' title="bbox 153 1525 970 1576; baseline -0.001 -12"><span class='ocrx_word' id='word_1_96' title='bbox 153 1526 331 1573; x_wconf 86' lang='lat' dir='ltr'>Saturne,</span> <span class='ocrx_word' id='word_1_97' title='bbox 364 1526 435 1564; x_wconf 88' lang='lat' dir='ltr'>tibi</span> <span class='ocrx_word' id='word_1_98' title='bbox 465 1525 609 1573; x_wconf 86' lang='lat' dir='ltr'>Zoilus,</span> <span class='ocrx_word' id='word_1_99' title='bbox 642 1527 782 1564; x_wconf 87' lang='lat' dir='ltr'>anulos</span> <span class='ocrx_word' id='word_1_100' title='bbox 812 1526 970 1576; x_wconf 89' lang='lat' dir='ltr'>priores.</span> 
     </span>
    </p>
   </div>
   <div class='ocr_carea' id='block_1_9' title="bbox 152 1627 1252 1952">
    <p class='ocr_par' dir='ltr' id='par_1_12' title="bbox 152 1627 1252 1952">
     <span class='ocr_line' id='line_1_20' title="bbox 655 1627 771 1663; baseline 0 0"><span class='ocrx_word' id='word_1_101' title='bbox 655 1627 771 1663; x_wconf 89' lang='lat' dir='ltr'>XXX</span> 
     </span>
     <span class='ocr_line' id='line_1_21' title="bbox 152 1706 1240 1757; baseline -0.002 -11"><span class='ocrx_word' id='word_1_102' title='bbox 152 1709 334 1757; x_wconf 86' lang='lat' dir='ltr'>Sportula</span> <span class='ocrx_word' id='word_1_103' title='bbox 364 1709 472 1745; x_wconf 86' lang='lat' dir='ltr'>nulla</span> <span class='ocrx_word' id='word_1_104' title='bbox 499 1708 638 1753; x_wconf 84' lang='lat' dir='ltr'>datur;</span> <span class='ocrx_word' id='word_1_105' title='bbox 676 1707 792 1757; x_wconf 81' lang='lat' dir='ltr'>gratis</span> <span class='ocrx_word' id='word_1_106' title='bbox 822 1706 988 1745; x_wconf 84' lang='lat' dir='ltr'>conviva</span> <span class='ocrx_word' id='word_1_107' title='bbox 1017 1707 1240 1745; x_wconf 82' lang='lat' dir='ltr'>recumbis:</span> 
     </span>
     <span class='ocr_line' id='line_1_22' title="bbox 205 1771 1160 1822; baseline -0.001 -12"><span class='ocrx_word' id='word_1_108' title='bbox 205 1772 269 1810; x_wconf 90' lang='lat' dir='ltr'>dic</span> <span class='ocrx_word' id='word_1_109' title='bbox 300 1772 406 1819; x_wconf 83' lang='lat' dir='ltr'>mihi,</span> <span class='ocrx_word' id='word_1_110' title='bbox 439 1771 535 1822; x_wconf 85' lang='lat' dir='ltr'>quid</span> <span class='ocrx_word' id='word_1_111' title='bbox 566 1774 732 1819; x_wconf 86' lang='lat' dir='ltr'>Romae,</span> <span class='ocrx_word' id='word_1_112' title='bbox 765 1772 999 1821; x_wconf 80' lang='lat' dir='ltr'>Gargiliane,</span> <span class='ocrx_word' id='word_1_113' title='bbox 1033 1771 1160 1810; x_wconf 85' lang='lat' dir='ltr'>facis?</span> 
     </span>
     <span class='ocr_line' id='line_1_23' title="bbox 152 1837 1195 1887; baseline -0.001 -12"><span class='ocrx_word' id='word_1_114' title='bbox 152 1839 258 1876; x_wconf 90' lang='lat' dir='ltr'>unde</span> <span class='ocrx_word' id='word_1_115' title='bbox 288 1837 359 1876; x_wconf 87' lang='lat' dir='ltr'>tibi</span> <span class='ocrx_word' id='word_1_116' title='bbox 388 1839 520 1887; x_wconf 84' lang='lat' dir='ltr'>togula</span> <span class='ocrx_word' id='word_1_117' title='bbox 550 1845 607 1876; x_wconf 87' lang='lat' dir='ltr'>est</span> <span class='ocrx_word' id='word_1_118' title='bbox 638 1845 676 1875; x_wconf 86' lang='lat' dir='ltr'>et</span> <span class='ocrx_word' id='word_1_119' title='bbox 705 1839 838 1876; x_wconf 88' lang='lat' dir='ltr'>fuscae</span> <span class='ocrx_word' id='word_1_120' title='bbox 868 1837 1008 1887; x_wconf 84' lang='lat' dir='ltr'>pensio</span> <span class='ocrx_word' id='word_1_121' title='bbox 1038 1838 1195 1875; x_wconf 87' lang='lat' dir='ltr'>cellae?</span> 
     </span>
     <span class='ocr_line' id='line_1_24' title="bbox 206 1902 1252 1952; baseline 0 -12"><span class='ocrx_word' id='word_1_122' title='bbox 206 1904 312 1941; x_wconf 87' lang='lat' dir='ltr'>unde</span> <span class='ocrx_word' id='word_1_123' title='bbox 342 1904 456 1941; x_wconf 85' lang='lat' dir='ltr'>datur</span> <span class='ocrx_word' id='word_1_124' title='bbox 486 1904 714 1952; x_wconf 85' lang='lat' dir='ltr'>quadrans?</span> <span class='ocrx_word' id='word_1_125' title='bbox 751 1904 858 1941; x_wconf 89' lang='lat' dir='ltr'>unde</span> <span class='ocrx_word' id='word_1_126' title='bbox 888 1903 945 1940; x_wconf 90' lang='lat' dir='ltr'>vir</span> <span class='ocrx_word' id='word_1_127' title='bbox 974 1916 1014 1940; x_wconf 87' lang='lat' dir='ltr'>es</span> <span class='ocrx_word' id='word_1_128' title='bbox 1046 1902 1252 1942; x_wconf 87' lang='lat' dir='ltr'>Chiones?</span> 
     </span>
    </p>
   </div>
   <div class='ocr_carea' id='block_1_10' title="bbox 153 1967 1106 2014">
    <p class='ocr_par' dir='ltr' id='par_1_13' title="bbox 153 1967 1106 2014">
     <span class='ocr_line' id='line_1_25' title="bbox 153 1967 1106 2014; baseline 0 -9"><span class='ocrx_word' id='word_1_129' title='bbox 153 1981 242 2005; x_wconf 89' lang='lat' dir='ltr'>cum</span> <span class='ocrx_word' id='word_1_130' title='bbox 273 1967 424 2006; x_wconf 86' lang='lat' dir='ltr'>ratione</span> <span class='ocrx_word' id='word_1_131' title='bbox 453 1967 544 2006; x_wconf 87' lang='lat' dir='ltr'>licet</span> <span class='ocrx_word' id='word_1_132' title='bbox 574 1967 683 2006; x_wconf 85' lang='lat' dir='ltr'>dicas</span> <span class='ocrx_word' id='word_1_133' title='bbox 713 1975 752 2006; x_wconf 87' lang='lat' dir='ltr'>te</span> <span class='ocrx_word' id='word_1_134' title='bbox 781 1967 910 2006; x_wconf 88' lang='lat' dir='ltr'>vivere</span> <span class='ocrx_word' id='word_1_135' title='bbox 940 1981 1106 2014; x_wconf 84' lang='lat' dir='ltr'>summa,</span> 
     </span>
    </p>
   </div>
   <div class='ocr_carea' id='block_1_11' title="bbox 205 1986 1483 2082">
    <p class='ocr_par' dir='ltr' id='par_1_14' title="bbox 205 1986 1483 2082">
     <span class='ocr_line' id='line_1_26' title="bbox 1467 1986 1483 2016; baseline 0 0"><span class='ocrx_word' id='word_1_136' title='bbox 1467 1986 1483 2016; x_wconf 75' lang='lat'><strong><em>5</em></strong></span> 
     </span>
     <span class='ocr_line' id='line_1_27' title="bbox 205 2032 1024 2082; baseline -0.001 -11"><span class='ocrx_word' id='word_1_137' title='bbox 205 2034 313 2082; x_wconf 89' lang='lat' dir='ltr'>quod</span> <span class='ocrx_word' id='word_1_138' title='bbox 343 2033 449 2080; x_wconf 89' lang='lat' dir='ltr'>vivis,</span> <span class='ocrx_word' id='word_1_139' title='bbox 482 2034 589 2072; x_wconf 91' lang='lat' dir='ltr'>nulla</span> <span class='ocrx_word' id='word_1_140' title='bbox 618 2046 709 2071; x_wconf 89' lang='lat' dir='ltr'>cum</span> <span class='ocrx_word' id='word_1_141' title='bbox 739 2032 889 2071; x_wconf 84' lang='lat' dir='ltr'>ratione</span> <span class='ocrx_word' id='word_1_142' title='bbox 919 2032 1024 2071; x_wconf 84' lang='lat' dir='ltr'>facis.</span> 
     </span>
    </p>
   </div>
   <div class='ocr_carea' id='block_1_12' title="bbox 152 2137 1487 2353">
    <p class='ocr_par' dir='ltr' id='par_1_15' title="bbox 152 2137 1484 2221">
     <span class='ocr_line' id='line_1_28' title="bbox 196 2137 1484 2176; baseline -0.001 -8"><span class='ocrx_word' id='word_1_143' title='bbox 196 2138 313 2168; x_wconf 91' lang='lat' dir='ltr'>XXVI</span> <span class='ocrx_word' id='word_1_144' title='bbox 338 2139 411 2168; x_wconf 81' lang='lat' dir='ltr'>lmb.</span> <span class='ocrx_word' id='word_1_145' title='bbox 433 2138 466 2168; x_wconf 88' lang='lat' dir='ltr'><em>R</em></span> <span class='ocrx_word' id='word_1_146' title='bbox 607 2147 626 2176; x_wconf 86' lang='lat'>5</span> <span class='ocrx_word' id='word_1_147' title='bbox 652 2138 713 2168; x_wconf 89' lang='lat' dir='ltr'>hoc</span> <span class='ocrx_word' id='word_1_148' title='bbox 731 2148 783 2168; x_wconf 88' lang='lat' dir='ltr'>me</span> <span class='ocrx_word' id='word_1_149' title='bbox 800 2142 882 2176; x_wconf 83' lang='lat' dir='ltr'>puta</span> <span class='ocrx_word' id='word_1_150' title='bbox 899 2137 1035 2168; x_wconf 75' lang='lat' dir='ltr'>AABA:</span> <span class='ocrx_word' id='word_1_151' title='bbox 1071 2137 1136 2167; x_wconf 91' lang='lat' dir='ltr'>hoc</span> <span class='ocrx_word' id='word_1_152' title='bbox 1154 2147 1207 2167; x_wconf 84' lang='lat' dir='ltr'>me</span> <span class='ocrx_word' id='word_1_153' title='bbox 1224 2142 1306 2176; x_wconf 75' lang='lat' dir='ltr'>puto</span> <span class='ocrx_word' id='word_1_154' title='bbox 1327 2137 1373 2167; x_wconf 76' lang='lat' dir='ltr'>CA</span> <span class='ocrx_word' id='word_1_155' title='bbox 1390 2149 1396 2168; x_wconf 88' lang='lat'><strong>:</strong></span> <span class='ocrx_word' id='word_1_156' title='bbox 1421 2148 1484 2167; x_wconf 81' lang='lat' dir='ltr'>nec</span> 
     </span>
     <span class='ocr_line' id='line_1_29' title="bbox 152 2180 860 2221; baseline 0 -10"><span class='ocrx_word' id='word_1_157' title='bbox 152 2191 204 2211; x_wconf 89' lang='lat' dir='ltr'>me</span> <span class='ocrx_word' id='word_1_158' title='bbox 222 2186 301 2220; x_wconf 89' lang='lat' dir='ltr'>puta</span> <span class='ocrx_word' id='word_1_159' title='bbox 319 2181 460 2221; x_wconf 45' lang='lat' dir='ltr'>Madvig</span> <span class='ocrx_word' id='word_1_160' title='bbox 474 2180 614 2212; x_wconf 81' lang='lat' dir='ltr'>Advers.</span> <span class='ocrx_word' id='word_1_161' title='bbox 632 2182 699 2212; x_wconf 75' lang='lat' dir='ltr'><em>crit.</em></span> <span class='ocrx_word' id='word_1_162' title='bbox 717 2181 763 2212; x_wconf 88' lang='lat' dir='ltr'>II.</span> <span class='ocrx_word' id='word_1_163' title='bbox 788 2182 860 2218; x_wconf 86' lang='lat'>163.</span> 
     </span>
    </p>

    <p class='ocr_par' dir='ltr' id='par_1_16' title="bbox 154 2223 1487 2353">
     <span class='ocr_line' id='line_1_30' title="bbox 196 2223 1487 2263; baseline -0.002 -8"><span class='ocrx_word' id='word_1_164' title='bbox 196 2225 329 2255; x_wconf 90' lang='lat' dir='ltr'>XXVII</span> <span class='ocrx_word' id='word_1_165' title='bbox 347 2225 421 2256; x_wconf 82' lang='lat' dir='ltr'>lzab.</span> <span class='ocrx_word' id='word_1_166' title='bbox 440 2224 473 2254; x_wconf 84' lang='lat' dir='ltr'><em>R</em></span> <span class='ocrx_word' id='word_1_167' title='bbox 581 2235 594 2254; x_wconf 86' lang='lat'>1</span> <span class='ocrx_word' id='word_1_168' title='bbox 622 2225 742 2255; x_wconf 84' lang='lat' dir='ltr'>uenias</span> <span class='ocrx_word' id='word_1_169' title='bbox 766 2235 840 2254; x_wconf 89' lang='lat' dir='ltr'>cum</span> <span class='ocrx_word' id='word_1_170' title='bbox 864 2234 969 2263; x_wconf 85' lang='lat' dir='ltr'>saepe</span> <span class='ocrx_word' id='word_1_171' title='bbox 986 2223 1126 2254; x_wconf 72' lang='lat' dir='ltr'>AABA:</span> <span class='ocrx_word' id='word_1_172' title='bbox 1150 2234 1224 2254; x_wconf 90' lang='lat' dir='ltr'>cum</span> <span class='ocrx_word' id='word_1_173' title='bbox 1243 2224 1291 2254; x_wconf 84' lang='lat' dir='ltr'>sis</span> <span class='ocrx_word' id='word_1_174' title='bbox 1308 2225 1398 2263; x_wconf 84' lang='lat' dir='ltr'>prior</span> <span class='ocrx_word' id='word_1_175' title='bbox 1414 2223 1487 2262; x_wconf 86' lang='lat' dir='ltr'>ipse</span> 
     </span>
     <span class='ocr_line' id='line_1_31' title="bbox 154 2267 1485 2307; baseline -0.001 -9"><span class='ocrx_word' id='word_1_176' title='bbox 154 2267 201 2298; x_wconf 78' lang='lat' dir='ltr'>CA</span> <span class='ocrx_word' id='word_1_177' title='bbox 283 2279 302 2307; x_wconf 84' lang='lat'><strong>3</strong></span> <span class='ocrx_word' id='word_1_178' title='bbox 327 2269 366 2298; x_wconf 89' lang='lat' dir='ltr'>al.</span> <span class='ocrx_word' id='word_1_179' title='bbox 387 2267 464 2307; x_wconf 86' lang='lat' dir='ltr'>vit.]</span> <span class='ocrx_word' id='word_1_180' title='bbox 482 2268 549 2298; x_wconf 86' lang='lat' dir='ltr'>alio</span> <span class='ocrx_word' id='word_1_181' title='bbox 566 2268 626 2300; x_wconf 88' lang='lat' dir='ltr'>suit</span> <span class='ocrx_word' id='word_1_182' title='bbox 643 2269 720 2298; x_wconf 89' lang='lat' dir='ltr'>dum</span> <span class='ocrx_word' id='word_1_183' title='bbox 739 2268 788 2298; x_wconf 73' lang='lat' dir='ltr'>CA</span> <span class='ocrx_word' id='word_1_184' title='bbox 870 2268 1021 2306; x_wconf 84' lang='lat' dir='ltr'>utrisque</span> <span class='ocrx_word' id='word_1_185' title='bbox 1036 2268 1091 2297; x_wconf 83' lang='grc' dir='ltr'>ΒΑ</span> <span class='ocrx_word' id='word_1_186' title='bbox 1181 2278 1199 2305; x_wconf 82' lang='grc'>4</span> <span class='ocrx_word' id='word_1_187' title='bbox 1225 2273 1276 2298; x_wconf 79' lang='lat' dir='ltr'>est</span> <span class='ocrx_word' id='word_1_188' title='bbox 1294 2273 1315 2298; x_wconf 86' lang='lat' dir='ltr'>t.</span> <span class='ocrx_word' id='word_1_189' title='bbox 1337 2273 1417 2303; x_wconf 82' lang='lat' dir='ltr'>(om.</span> <span class='ocrx_word' id='word_1_190' title='bbox 1437 2272 1485 2297; x_wconf 54' lang='lat' dir='ltr'>et&gt;</span> 
     </span>
     <span class='ocr_line' id='line_1_32' title="bbox 154 2311 1219 2353; baseline -0.001 -12"><span class='ocrx_word' id='word_1_191' title='bbox 154 2315 189 2341; x_wconf 83' lang='lat' dir='ltr'>nt</span> <span class='ocrx_word' id='word_1_192' title='bbox 202 2311 266 2342; x_wconf 85' lang='lat' dir='ltr'><em>vid.</em></span> <span class='ocrx_word' id='word_1_193' title='bbox 287 2311 336 2342; x_wconf 78' lang='lat' dir='ltr'>CA</span> <span class='ocrx_word' id='word_1_194' title='bbox 353 2314 419 2353; x_wconf 82' lang='lat' dir='ltr'>(est</span> <span class='ocrx_word' id='word_1_195' title='bbox 437 2322 499 2342; x_wconf 87' lang='lat' dir='ltr'>nec</span> <span class='ocrx_word' id='word_1_196' title='bbox 515 2316 538 2343; x_wconf 90' lang='lat' dir='ltr'>t.</span> <span class='ocrx_word' id='word_1_197' title='bbox 559 2312 670 2349; x_wconf 73' lang='grc' dir='ltr'>ΑΒΕ)</span> <span class='ocrx_word' id='word_1_198' title='bbox 913 2311 1067 2341; x_wconf 89' lang='lat' dir='ltr'>XXVIII</span> <span class='ocrx_word' id='word_1_199' title='bbox 1093 2311 1165 2342; x_wconf 79' lang='lat' dir='ltr'>lmb.</span> <span class='ocrx_word' id='word_1_200' title='bbox 1186 2311 1219 2340; x_wconf 83' lang='lat' dir='ltr'><em>R</em></span> 
     </span>
    </p>
   </div>
   <div class='ocr_carea' id='block_1_13' title="bbox 152 2354 1488 2439">
    <p class='ocr_par' dir='ltr' id='par_1_17' title="bbox 152 2354 1488 2439">
     <span class='ocr_line' id='line_1_33' title="bbox 195 2354 1488 2396; baseline -0.002 -11"><span class='ocrx_word' id='word_1_201' title='bbox 195 2355 316 2385; x_wconf 91' lang='lat' dir='ltr'>XXIX</span> <span class='ocrx_word' id='word_1_202' title='bbox 343 2365 356 2385; x_wconf 86' lang='lat'>1</span> <span class='ocrx_word' id='word_1_203' title='bbox 383 2356 471 2386; x_wconf 88' lang='lat' dir='ltr'>dicat</span> <span class='ocrx_word' id='word_1_204' title='bbox 488 2355 543 2385; x_wconf 78' lang='lat' dir='ltr'>BA</span> <span class='ocrx_word' id='word_1_205' title='bbox 561 2361 681 2396; x_wconf 64' lang='lat' dir='ltr'>(praec.</span> <span class='ocrx_word' id='word_1_206' title='bbox 701 2355 772 2394; x_wconf 64' lang='lat' dir='ltr'>-de)</span> <span class='ocrx_word' id='word_1_207' title='bbox 983 2355 1085 2385; x_wconf 86' lang='lat' dir='ltr'>XXX</span> <span class='ocrx_word' id='word_1_208' title='bbox 1109 2355 1183 2385; x_wconf 75' lang='lat' dir='ltr'>hab.</span> <span class='ocrx_word' id='word_1_209' title='bbox 1209 2354 1254 2392; x_wconf 90' lang='lat' dir='ltr'>T;</span> <span class='ocrx_word' id='word_1_210' title='bbox 1278 2365 1308 2385; x_wconf 84' lang='lat' dir='ltr'>v.</span> <span class='ocrx_word' id='word_1_211' title='bbox 1330 2365 1342 2384; x_wconf 84' lang='lat'>1</span> <span class='ocrx_word' id='word_1_212' title='bbox 1362 2354 1433 2384; x_wconf 69' lang='lat' dir='ltr'>hab.</span> <span class='ocrx_word' id='word_1_213' title='bbox 1457 2354 1488 2383; x_wconf 56' lang='grc' dir='ltr'>[κ’</span> 
     </span>
     <span class='ocr_line' id='line_1_34' title="bbox 152 2397 1295 2439; baseline -0.002 -11"><span class='ocrx_word' id='word_1_214' title='bbox 152 2409 170 2428; x_wconf 81' lang='lat'>2</span> <span class='ocrx_word' id='word_1_215' title='bbox 195 2398 265 2439; x_wconf 88' lang='lat' dir='ltr'>dic]</span> <span class='ocrx_word' id='word_1_216' title='bbox 282 2398 362 2437; x_wconf 88' lang='lat' dir='ltr'>quid</span> <span class='ocrx_word' id='word_1_217' title='bbox 382 2399 429 2429; x_wconf 72' lang='lat' dir='ltr'>CA</span> <span class='ocrx_word' id='word_1_218' title='bbox 516 2409 570 2438; x_wconf 91' lang='lat' dir='ltr'>qu.</span> <span class='ocrx_word' id='word_1_219' title='bbox 591 2399 688 2429; x_wconf 89' lang='lat' dir='ltr'>Rom.</span> <span class='ocrx_word' id='word_1_220' title='bbox 709 2409 775 2429; x_wconf 84' lang='lat' dir='ltr'>om.</span> <span class='ocrx_word' id='word_1_221' title='bbox 799 2399 828 2429; x_wconf 90' lang='lat' dir='ltr'><em>T</em></span> <span class='ocrx_word' id='word_1_222' title='bbox 935 2409 954 2437; x_wconf 83' lang='lat'><strong>3</strong></span> <span class='ocrx_word' id='word_1_223' title='bbox 979 2399 1109 2439; x_wconf 85' lang='lat' dir='ltr'>togula]</span> <span class='ocrx_word' id='word_1_224' title='bbox 1129 2397 1243 2437; x_wconf 81' lang='lat' dir='ltr'>getula</span> <span class='ocrx_word' id='word_1_225' title='bbox 1267 2397 1295 2427; x_wconf 88' lang='lat' dir='ltr'><em>T</em></span> 
     </span>
    </p>
   </div>
  </div>
 </body>
</html>
