1684 2715
201 118 254 154 M.
288 118 408 154 VAL.
443 118 756 157 MARTIALIS

695 233 754 269 IX

199 300 392 339 Praestitit
421 301 616 340 exhibitus
647 309 729 340 tota
757 302 840 349 tibi,
871 303 1028 350 Caesar,
1059 304 1205 342 harena

249 379 350 416 quae
379 380 460 405 non
490 366 667 416 promisit
696 368 844 418 proelia
872 368 1110 408 rhinoceros.

195 445 218 469 ο
248 444 366 481 quarn
397 432 577 470 terribilis
607 433 745 471 exarsit
775 447 922 483 pronus
951 434 990 472 in
1021 434 1118 472 iras!

247 505 417 546 quantus
447 506 527 536 erat
558 506 700 545 taurus,
733 498 795 537 cui
825 498 903 549 pila
932 507 1064 538 taurus
1095 503 1197 538 erat!

704 605 741 640 X

195 673 376 710 Laeserat
405 671 557 721 ingrato
587 674 649 710 leo
678 674 851 722 perfidus
881 687 947 711 ore
977 674 1216 723 magistrum,

243 750 362 775 ausus
392 745 470 775 tam
503 746 615 775 notas
646 745 914 776 contemerare
944 752 1095 785 manus,

190 802 260 840 sed
290 801 427 852 dignas
457 810 567 840 tanto
597 803 780 852 persolvit
811 803 974 842 crimine
1003 817 1163 853 poenas,

244 874 281 905 et
311 867 377 917 qui
409 881 488 906 non
520 870 658 906 tulerat
688 869 859 915 verbera,
891 870 968 906 tela
997 868 1094 907 tulit.

191 932 303 980 Quos
334 933 448 971 decet
478 946 563 971 esse
592 932 799 971 hominum
830 933 895 971 tali
926 934 1001 971 sub
1031 933 1206 983 principe
1239 947 1377 980 mores,

243 997 310 1046 qui
340 997 448 1036 iubet
478 997 678 1047 ingenium
710 998 841 1036 mitius
871 1012 957 1037 esse
986 998 1098 1037 feris!

688 1099 747 1135 XI

193 1168 380 1217 Praeceps
411 1167 625 1217 sanguinea
655 1169 750 1206 dum
782 1181 823 1206 se
853 1175 952 1206 rotat
983 1181 1094 1206 ursus
1124 1169 1280 1211 harena,

242 1232 457 1283 inplicitam
489 1234 596 1272 visco
626 1234 795 1284 perdidit
825 1234 888 1273 ille
919 1236 1061 1284 fugam.

188 1299 396 1348 splendida
426 1299 501 1337 iam
533 1307 638 1338 tecto
667 1309 821 1338 cessent
851 1300 1045 1338 venabula
1075 1301 1185 1345 ferro,

241 1378 314 1402 nec
343 1366 446 1403 volet
476 1379 639 1403 excussa
668 1367 803 1403 lancea
834 1374 934 1403 torta
964 1379 1107 1412 mana:

185 1430 403 1479 deprendat
432 1444 557 1469 vacuo
587 1438 748 1469 venator
778 1430 815 1468 in
845 1433 934 1469 aere
963 1432 1161 1480 praedam,
1500 1449 1515 1479 5

239 1495 269 1533 si
300 1504 456 1545 captare
487 1497 584 1534 feras
614 1495 778 1546 aucupis
807 1504 888 1534 arte
919 1498 1057 1546 placet.

661 1596 743 1632 XII

187 1666 293 1703 Inter
322 1666 537 1704 Caesareae
567 1665 794 1703 discrimina
824 1679 939 1703 saeva
970 1665 1122 1703 Dianae

239 1729 382 1768 fixisset
411 1730 610 1780 gravidam
641 1744 731 1768 cum
763 1730 856 1768 levis
887 1732 998 1768 hasta
1027 1744 1149 1775 sueni,

183 1794 315 1832 exiluit
345 1803 477 1844 partus
507 1795 671 1833 miserae
701 1796 750 1833 de
779 1797 939 1833 vulnere
969 1795 1110 1832 matris.

237 1873 260 1898 o
292 1859 443 1897 Lucina
472 1861 589 1906 ferox,
620 1861 698 1897 hoc
727 1859 924 1909 peperisse
953 1859 1056 1897 fuit?

183 1923 358 1973 pluribus
387 1924 451 1962 illa
481 1924 578 1963 mori
608 1924 794 1963 voluisset
824 1925 955 1964 saucia
985 1924 1081 1971 telis,
1495 1941 1512 1972 5

236 1989 421 2028 omnibus
452 1997 492 2028 ut
523 1989 622 2028 natis
652 1990 759 2028 triste
789 1998 938 2039 pateret
968 1989 1047 2028 iter.

183 2053 283 2103 Quis
314 2062 428 2103 negat
458 2068 543 2092 esse
573 2062 699 2092 saturn
732 2063 909 2093 materno
938 2056 1073 2092 funere
1105 2055 1336 2093 Bacchum?

235 2118 289 2157 sic
319 2119 493 2169 genitum
525 2132 670 2158 numen
702 2119 871 2158 credite:
911 2128 1001 2157 nata
1030 2121 1110 2158 fera
1139 2127 1207 2158 est.

226 2222 275 2253 IX
298 2222 371 2253 hab.
399 2222 428 2252 T
555 2233 573 2261 4
598 2233 628 2262 q.
650 2233 678 2254 e.
699 2233 805 2253 cornu
822 2222 897 2254 Ital.

224 2266 256 2296 X
279 2266 352 2296 hab.
375 2266 408 2296 R
539 2268 559 2295 6
584 2267 638 2306 qui
657 2267 747 2297 iubet
763 2266 837 2296 Ital.
857 2279 862 2293 τ
887 2267 937 2297 cui
955 2267 1045 2297 iuuat
1062 2267 1120 2296 ΑΛ
1266 2267 1315 2296 XI
1340 2267 1412 2297 hab.
1442 2267 1470 2297 T

224 2309 290 2339 XII
316 2310 387 2340 hab.
413 2310 442 2340 T
553 2320 564 2340 1
591 2320 692 2340 saeva
710 2309 808 2341 Ital.:
832 2320 892 2341 sua
914 2310 943 2340 T
1046 2319 1066 2348 3
1091 2310 1206 2340 matris
1223 2310 1321 2341 Itan:
1347 2312 1461 2341 mortis
1485 2311 1508 2342 Τ

181 2354 242 2392 7>8
266 2363 336 2384 nov.
368 2354 462 2394 epagr.
492 2353 522 2383 F
522 2352 720 2383 u'cdlacnder
728 2365 738 2384 .·
774 2353 904 2384 initt‘um
930 2354 1090 2392 sequentis
1113 2355 1208 2394 eptgr.
1230 2353 1346 2384 Gilbert
