1684 2763
705 163 1174 202 EPIGRAMMATON
1208 165 1298 202 LIB

119 272 173 311 sic
205 273 490 321 Methymnaeo
518 271 673 321 gavisus
702 271 851 309 Arione
881 272 1044 321 delphin

172 337 357 388 languida
385 350 466 375 non
496 337 658 375 tacitum
688 350 757 387 per
785 338 882 374 freta
910 337 1013 375 vexit
1042 352 1154 376 onus.

122 403 280 441 Imbuat
310 402 508 453 egregium
539 402 661 452 digno
692 401 788 439 mihi
819 410 977 441 nectare
1008 416 1152 441 munus

174 481 254 506 non
283 481 398 517 grege
427 469 478 506 de
506 466 658 505 domini
688 468 758 505 sed
789 474 866 513 tua,
898 469 1028 514 Ceste,
1061 481 1225 516 manus3

122 534 250 580 Ceste,
283 534 405 571 decus
435 546 606 579 mensae,
639 532 760 570 misce
790 532 950 571 Setina:
990 532 1145 571 videtur

175 598 258 648 ipse
287 611 384 648 puer
412 597 539 644 nobis,
572 597 655 647 ipse
685 596 789 635 sitire
819 611 945 647 caper.

123 665 189 701 det
220 676 428 701 numerum
459 662 609 712 cyathis
640 662 779 700 Istanti
810 662 936 700 littera
967 664 1086 701 Rufi:

176 736 312 766 auctor
341 727 446 766 enim
477 727 574 765 tanti
605 727 777 765 muneris
807 726 871 765 ille
901 727 1021 765 mihi:

124 793 153 830 si
183 793 399 830 Telethusa
426 792 533 830 venit
563 792 834 842 promissaque
862 793 1005 842 gaudia
1034 800 1175 842 portat,

178 857 362 895 servabor
390 857 588 904 dominae,
622 858 737 904 Rufe,
768 857 909 895 triente
939 866 1034 905 tuo;

125 922 154 960 si
184 922 308 961 dubia
337 929 406 969 est,
438 930 628 971 septunce
658 923 813 970 trahar3
852 922 881 959 si
913 922 1009 960 fallit
1038 930 1249 968 amantem,

179 995 220 1025 ut
249 987 420 1036 iugulem
451 1000 574 1033 curas,
605 1000 752 1025 nomen
782 995 992 1037 utrumque
1022 987 1168 1026 bibam.

556 1118 610 1155 LI
643 1118 814 1169 (XLIX)

128 1201 385 1238 Formonsam
416 1212 511 1237 sane
540 1200 609 1238 sed
640 1213 782 1238 caecus
811 1200 937 1250 diligit
966 1202 1103 1251 Asper.

181 1266 268 1314 plus
298 1277 401 1314 ergo,
432 1271 474 1301 ut
503 1278 564 1302 res
593 1272 662 1311 est,
695 1278 813 1315 quarn
843 1265 951 1304 videt
980 1268 1108 1316 Asper
1135 1274 1252 1304 amat.

649 1397 726 1433 LII

236 1477 458 1513 Tonsorem
489 1488 654 1524 puerum
685 1477 755 1514 sed
784 1484 865 1514 arte
896 1478 1013 1515 talem

238 1540 364 1589 qualis
393 1553 467 1578 nec
496 1541 713 1579 Thalamus
742 1541 814 1579 fuit
844 1542 1025 1590 Neronis,

240 1607 458 1642 Drusorum
488 1609 553 1642 cu'i'
581 1605 780 1656 contigere
809 1606 965 1654 barbae,

239 1670 467 1718 aequandas
497 1671 618 1708 semel
647 1671 697 1708 ad
727 1684 847 1720 genas
877 1680 1033 1721 rogatus

241 1735 359 1781 Rufo,
391 1734 642 1782 Caediciane,
674 1736 936 1774 commodavi.

241 1801 336 1838 dum
365 1798 492 1837 iussus
521 1799 660 1850 repetit
689 1800 790 1850 pilos
819 1802 995 1848 eosdem,

241 1877 405 1902 censura
433 1865 582 1914 speculi
613 1879 774 1903 manum
804 1875 974 1916 regente,

241 1929 493 1979 expingitque
522 1938 653 1968 cutem
683 1931 855 1981 facitque
884 1933 1041 1982 longam

243 1994 420 2032 detonsis
449 1995 732 2044 epaphaeresin
762 1996 923 2045 capillis,

243 2059 428 2096 barbatus
458 2059 554 2097 mihi
583 2067 719 2098 tonsor
748 2069 806 2098 est
836 2075 1022 2100 reversus

1304 195 1310 202 .
1343 166 1449 203 VIII

1415 291 1453 321 15

1416 614 1458 636 20

1420 939 1457 971 25

1429 2076 1466 2099 10

183 2171 221 2200 15
244 2162 362 2192 orione
389 2161 444 2192 ΒΑ
602 2164 640 2192 16
662 2173 749 2193 anus
775 2163 831 2193 BA
993 2165 1031 2194 18
1055 2164 1201 2194 dominis
1227 2174 1252 2194 s.
1283 2164 1394 2203 (Ros)
1420 2166 1469 2195 vrl

138 2204 264 2234 domini
281 2215 306 2236 s.
327 2204 386 2245 (L)
406 2206 459 2234 BA
478 2217 484 2236 :
508 2206 654 2236 dominis
671 2211 704 2236 et
722 2206 771 2237 CA
893 2217 930 2237 21
958 2207 1097 2238 instanti
1114 2207 1192 2238 EA:
1216 2208 1376 2238 instantis
1395 2207 1441 2238 CA
1461 2219 1467 2237 z

138 2248 192 2278 vix
210 2248 339 2277 Instani
357 2249 407 2289 (cf
423 2248 468 2278 ad
484 2249 646 2288 LXXIII,
668 2250 699 2287 1)
812 2260 853 2288 23
877 2251 1109 2290 permissaque
1126 2250 1158 2280 E
1267 2260 1308 2290 25

1325 2252 1400 2281 thar
1419 2250 1467 2281 CA

141 2291 182 2321 LI
207 2291 280 2321 lzab.
305 2290 335 2320 T
442 2302 455 2322 1
481 2303 564 2323 sane
581 2292 716 2324 AABA:
743 2293 842 2332 plane
862 2294 911 2324 CA
1098 2294 1160 2324 LII
1186 2305 1234 2325 vv.
1250 2294 1419 2326 6-10lzab.
1442 2294 1471 2324 T

138 2344 157 2373 3
182 2335 380 2373 contingere
396 2335 486 2366 codd.
577 2347 596 2374 4
619 2337 796 2375 aequanda
815 2336 865 2367 CA
945 2337 979 2367 in
997 2347 1102 2375 genas
1117 2337 1196 2368 BA:
1219 2338 1260 2368 ad
1277 2348 1399 2368 caenas
1418 2337 1467 2367 CA

141 2382 292 2416 rogatum
309 2377 470 2408 Heinsius
623 2381 643 2409 6
668 2381 751 2419 petit
773 2380 803 2410 T
970 2391 987 2419 7
1013 2391 1112 2411 manu
1130 2381 1160 2411 T
1174 2381 1304 2421 (etsort.

141 2422 160 2451 8
184 2422 346 2462 facitque]
363 2422 462 2452 facito
480 2421 534 2451 ΒΑ
623 2433 644 2462 9
667 2423 965 2463 sepaph(a)eresin
984 2424 1033 2454 CA
1052 2428 1171 2463 (praec.
1192 2424 1222 2463 s)

1323 2381 1396 2421 ΑΛ)
1418 2380 1466 2411 CA

1319 2477 1378 2505 15*
