1684 2715
828 99 1297 138 EPIGRAMMATON
1332 101 1432 137 Llss.
1471 103 1482 137 Ι

655 211 713 248 IV

150 278 372 329 Contigeris
403 287 568 326 nostrOS,
602 281 758 327 Caesar,
792 280 823 319 si
853 282 951 319 forte
981 281 1146 328 libellos,

203 352 391 383 terrarum
422 346 632 384 dominum
663 360 769 397 pone
798 347 1062 397 supercilium.

148 424 389 450 consuevere
420 411 527 450 iocos
557 413 675 451 vestri
706 426 866 463 quoque
896 414 994 452 ferre
1024 413 1223 464 triumphi,

203 476 405 515 materiam
436 477 552 516 dictis
583 492 656 517 nec
686 480 810 529 pudet
840 492 925 517 esse
956 480 1110 518 ducem.

148 556 227 592 qua
255 544 478 592 Thymelen
509 552 663 594 spectas
693 544 989 594 derisoremque
1021 545 1217 588 Latinum,

201 608 267 646 illa
296 610 424 647 fronte
454 623 592 659 precor
622 610 797 649 carmina
826 619 959 649 nostra
989 612 1104 660 legas.

148 672 342 711 innocuos
372 687 537 712 censura
568 683 697 725 potest
727 676 952 726 permittere
982 678 1114 714 lusus:

202 738 346 777 lasciva
376 747 433 778 est
465 740 581 779 nobis
611 741 764 791 pagina,
798 741 875 780 vita
906 742 1039 792 proba.

665 842 700 876 V

150 909 214 946 Do
245 907 315 946 tibi
346 909 635 956 naumachiam,
670 918 710 948 tu
741 912 812 949 das
842 911 1124 961 epigrammata
1156 911 1293 949 nobis:

200 974 268 1020 vis,
300 983 409 1025 puto,
441 989 531 1013 cum
563 976 674 1022 libro,
708 977 855 1023 Marce,
888 984 1021 1015 natare
1051 984 1130 1015 tuo.

648 1076 705 1112 VI

146 1143 352 1182 Aetherias
381 1143 513 1194 aquila
543 1158 708 1194 puerum
739 1153 920 1195 portante
950 1160 1019 1196 per
1047 1160 1159 1184 auras

199 1209 391 1248 inlaesum
422 1210 570 1249 timidis
600 1199 798 1261 unguibus
828 1212 954 1250 haesit
984 1226 1108 1251 onus:

145 1288 251 1314 nunc
281 1289 351 1313 sua
381 1277 598 1315 Caesareos
629 1285 762 1315 exorat
793 1279 939 1327 praeda
969 1279 1104 1316 leones

199 1348 305 1379 tutus
335 1348 373 1379 et
403 1341 552 1391 ingenti
583 1341 683 1380 ludit
713 1342 753 1380 in
783 1356 850 1381 ore
881 1344 1002 1393 lepus.

144 1418 245 1455 quae
276 1406 425 1445 maiora
454 1415 568 1457 putas
600 1407 816 1446 miracula?
860 1422 1038 1446 summus
1070 1408 1243 1458 utrisque
1466 1423 1483 1453 5

196 1479 334 1510 auctor
362 1473 498 1510 adest:
538 1473 636 1510 haec
666 1480 757 1510 sunt
787 1473 977 1520 Caesaris,
1010 1473 1075 1512 illa
1106 1473 1221 1512 Iovis.

251 1637 394 1674 Stellae
423 1636 610 1674 delicium
643 1637 720 1675 mei
749 1638 945 1684 columba,

251 1703 410 1740 Verona
440 1701 530 1740 licet
559 1702 746 1741 audiente
777 1702 919 1750 dicam,

250 1766 353 1813 vicit,
387 1767 574 1815 Maxime,
606 1782 804 1818 passerem
835 1768 991 1808 Catulli.

252 1840 362 1871 tanto
392 1834 512 1872 Stella
543 1848 654 1872 meus
684 1842 752 1872 tuo
783 1835 943 1873 Catullo

250 1905 401 1947 quanto
431 1912 588 1948 passere
619 1899 743 1938 maior
773 1907 830 1938 est
860 1899 1057 1938 columba.

619 2001 727 2037 VIII

143 2068 264 2116 Quod
294 2068 426 2118 magni
456 2070 655 2107 Thraseae
685 2069 1031 2119 consummatique
1062 2068 1226 2108 Catonis

195 2133 381 2183 dogmata
410 2133 465 2172 sic
495 2134 670 2184 sequeris
701 2136 829 2173 salvos
859 2143 902 2173 ut
933 2148 1018 2173 esse
1048 2134 1155 2181 velis,

186 2231 231 2261 IV
252 2232 324 2262 hab.
344 2231 385 2261 H
493 2233 512 2262 8
537 2233 642 2271 proba
657 2233 771 2264 AACA
786 2232 962 2263 Ausonius
978 2232 1138 2262 XXVIII
1152 2235 1238 2268 (ssent.
1260 2231 1366 2271 nupl.)
1387 2242 1415 2268 4.
1434 2232 1453 2259 6
1472 2243 1479 2259 τ

141 2275 244 2314 proba
260 2281 312 2305 est
330 2275 383 2304 ΒΑ

183 2319 213 2348 V
241 2329 253 2349 1
280 2320 498 2350 naumachias
515 2319 591 2349 BA:
616 2320 846 2350 naumachiam
866 2320 915 2351 CA

183 2362 229 2391 VI
256 2372 274 2400 5
300 2363 451 2402 utrisque
468 2363 544 2394 BA:
568 2364 699 2402 utrique
720 2363 769 2393 CA

183 2406 265 2436 VIlI
290 2407 362 2437 stab.
388 2407 422 2437 T.
556 2417 575 2436 2
599 2407 711 2437 saluos
730 2408 833 2445 t-uus')
853 2406 990 2437 AABA:
1014 2406 1090 2436 talis
1109 2406 1157 2436 CA
