1684 2763
752 168 1218 207 EPIGRAMMATON
1251 169 1352 206 LIB.
1385 168 1443 204 XI

116 287 153 317 et
183 292 284 328 quae
315 278 504 317 Picenum
533 286 738 316 senserunt
766 278 884 328 frigus
913 279 1050 317 olivae.

170 345 268 382 haec
297 344 389 382 satis
419 343 457 381 in
486 350 614 393 gustu.
673 345 814 383 Cetera
843 357 961 382 nosse
989 344 1133 394 cupis?

118 408 293 456 mentiar,
325 416 367 446 ut
395 408 552 447 venias:
591 408 732 458 pisces,
762 409 978 458 conchylia,
1011 422 1162 455 sumen,

171 480 209 511 et
238 473 383 511 chortis
412 481 560 511 saturas
589 481 708 523 atque
737 473 892 523 paludis
920 487 1022 522 aveS‚

117 551 219 587 quae
248 551 321 576 nec
350 539 470 576 Stella
498 539 598 576 solet
626 552 709 576 rara
738 538 813 576 nisi
842 552 989 588 ponere
1017 552 1126 577 cena.
1412 556 1448 587 ¹5

174 604 266 640 Plus
296 616 369 652 ego
398 603 610 653 polliceor:
651 603 705 640 nil
734 603 909 642 recitabo
939 603 1020 651 tibi,

118 667 201 717 ipse
231 675 319 706 tuos
348 667 463 706 nobis
493 670 640 718 relegas
669 668 759 706 licet
788 682 913 718 usque
944 668 1131 718 Gigantas

175 734 282 770 Rura
310 734 371 771 vel
400 740 560 771 aeterno
589 733 766 782 proxima
794 733 978 783 Vergilio.

622 817 723 853 LIII

119 885 287 924 Claudia
314 885 501 923 caeruleis
530 899 621 923 cum
650 886 699 923 sit
728 887 875 923 Rufina
904 886 1100 924 Britannis

174 947 291 994 edita,
321 961 440 997 quam
471 948 608 986 Latiae
636 956 796 997 pectora
823 947 950 997 gentis
980 949 1125 986 habet!

119 1013 235 1061 quale
264 1013 385 1050 decus
415 1014 588 1050 formae!
646 1014 871 1051 Romanam
904 1014 1063 1051 credere
1093 1021 1233 1051 matres

174 1076 334 1114 Italides
364 1085 539 1126 possunt,
571 1077 755 1115 Atthides
784 1090 869 1115 esse
898 1091 1021 1115 suam.

122 1141 174 1179 Di
204 1141 305 1179 bene
335 1143 443 1191 quod
473 1149 610 1180 sancto
639 1141 789 1192 peperit
818 1143 990 1180 fecunda
1018 1142 1168 1188 marito,
1436 1157 1452 1187 5

174 1207 284 1256 quod
313 1214 441 1256 sperat
470 1220 635 1257 generos
665 1208 853 1257 quodque
883 1209 1015 1256 puella
1044 1220 1175 1245 nurus.

120 1271 184 1309 Sic
213 1273 366 1321 placeat
394 1271 543 1321 superis
574 1279 615 1309 ut
644 1271 812 1322 coniuge
844 1273 1014 1322 gaudeat
1043 1285 1122 1310 uno

174 1344 212 1374 et
241 1349 396 1385 semper
424 1336 524 1374 natis
552 1338 722 1386 gaudeat
751 1336 816 1375 illa
844 1337 978 1375 tribus.

632 1421 729 1456 LIV

123 1491 334 1538 Vnguenta
361 1497 399 1527 et
429 1489 552 1527 casias
581 1498 619 1527 et
649 1491 822 1527 olentem
851 1491 987 1527 funera
1017 1502 1186 1527 murram

176 1562 340 1603 turaque
370 1555 420 1592 de
450 1553 583 1592 medio
613 1553 884 1592 semicremata
912 1567 1006 1603 rogo

122 1626 160 1656 et
190 1632 291 1668 quae
321 1620 371 1657 de
402 1618 535 1668 Stygio
565 1618 725 1668 rapuisti
755 1618 939 1656 cinnama
968 1620 1079 1664 lecto,

176 1683 352 1733 inprobe,
385 1684 435 1721 de
464 1683 576 1732 turpi,
608 1683 730 1731 Zoile,
759 1685 881 1722 redde
910 1683 1010 1721 sinu.

124 1751 158 1785 A
189 1747 356 1797 pedibus
386 1747 559 1785 didicere
589 1761 728 1785 manus
758 1760 922 1796 peccare
952 1754 1163 1796 protervae.

176 1825 257 1850 non
287 1812 405 1850 miror
433 1813 568 1859 furem,
601 1812 668 1861 qui
697 1812 879 1861 fugitivus
909 1825 1003 1850 eras.

648 1895 720 1931 LV

128 1967 318 2003 Hortatur
348 1964 429 2002 fieri
458 1966 567 2014 quod
598 1972 635 2002 te
667 1966 812 2014 Lupus,
845 1964 1001 2010 Vrbice,
1034 1972 1194 2014 patrem,

180 2043 229 2068 ne
258 2030 394 2067 credas
410 2044 420 2077 3
458 2029 555 2067 nihil
583 2037 641 2068 est
671 2031 780 2079 quod
810 2029 940 2068 minus
970 2029 1033 2067 ille
1062 2029 1165 2067 velit.

172 2141 209 2169 13
234 2131 410 2171 coloephia
425 2132 482 2162 BA
500 2144 506 2163 ε
523 2133 704 2172 conchylia
730 2133 843 2173 (-chi-)
864 2132 914 2163 CA
1065 2134 1103 2163 18
1128 2143 1202 2163 rara
1219 2131 1275 2162 BA
1295 2134 1326 2172 (a
1338 2136 1399 2171 pro
1417 2133 1454 2170 u]

148 2184 187 2200 rie
211 2174 279 2203 uire)

126 2183 272 2239 aecgrno
300 2212 337 2237 ut
358 2208 421 2240 vid.
451 2208 501 2239 CA
531 2210 708 2242 (arecerno
730 2209 843 2248 EXA‚
870 2220 993 2241 acerno
1019 2209 1067 2249 V)
1334 2208 1412 2238 LIII
1439 2220 1455 2237 2

127 2262 186 2282 cur
201 2275 209 2282 .
228 2275 235 2282 .
255 2275 261 2281 .
279 2253 392 2289 gentis
410 2252 465 2282 BA
481 2264 488 2284 ε
507 2263 606 2292 quam
624 2277 630 2284 .
652 2276 660 2284 .
679 2277 686 2284 .
709 2253 819 2293 plebis
834 2254 883 2284 CA
972 2263 992 2291 3
1010 2258 1135 2283 matres
1147 2251 1203 2282 BA
1219 2264 1226 2283 ι
1247 2258 1387 2282 matrem
1406 2251 1454 2281 CA

130 2306 147 2334 7
172 2295 201 2325 si
217 2295 292 2325 BA:
317 2295 365 2324 sie
383 2294 431 2325 CA
714 2297 792 2327 LIV
808 2297 881 2328 hal).
906 2297 1000 2337 (post
1019 2297 1092 2336 LV)
1117 2296 1147 2326 T
1245 2307 1264 2334 4
1288 2296 1331 2326 de
1348 2294 1452 2333 turpi?

129 2340 228 2368 detur
245 2337 295 2368 CA
383 2347 402 2376 5
426 2344 617 2378 proteruarn
634 2340 691 2370 ΒΑ
792 2342 813 2379 ,6
836 2350 911 2371 eras
927 2339 1045 2369 ΑΑΒΑ
1062 2351 1069 2370 :
1093 2344 1165 2370 erat
1182 2339 1232 2369 CA
1399 2338 1455 2367 LV

127 2381 200 2413 hal).
224 2382 253 2412 T
340 2391 353 2410 1
382 2381 426 2413 H.
445 2382 502 2412 tibi
519 2383 539 2413 s.
562 2383 591 2413 T
639 2384 728 2422 quod
746 2384 796 2424 te]
812 2394 877 2423 quo
895 2383 948 2413 die
964 2383 1013 2413 CA
1031 2383 1196 2423 (quotidie
1209 2383 1254 2422 A,
1271 2382 1393 2412 cotidie
1411 2380 1451 2409 V*
