1684 2715
192 92 246 129 M.
279 92 400 130 VAL.
435 93 749 131 MARTIALIS

191 210 349 251 pectore
379 216 452 241 nec
482 205 592 242 nudo
622 204 777 242 strictos
807 204 972 244 incurris
1003 204 1042 243 in
1072 205 1188 253 ensis,

243 269 353 317 quod
383 268 521 307 fecisse
551 269 667 307 velim
699 277 748 316 te,
783 269 971 317 Deciane‚
1003 270 1107 309 facis.

191 334 283 371 nolo
313 333 436 371 virum
468 333 570 372 sacili
600 334 766 373 redemit
795 334 862 385 qui
891 335 1081 385 sanguine
1110 337 1266 384 famam,
1505 356 1522 387 5

244 399 350 437 hunc
380 400 480 446 volo,
513 399 662 437 laudari
692 399 759 450 qui
789 399 873 439 sine
904 408 1028 439 morte
1058 409 1199 451 potest.

746 500 805 536 IX

193 562 324 606 Bellus
355 568 477 607 homo
506 576 544 607 et
574 582 739 619 magnus
769 569 825 608 vis
856 569 974 617 idem,
1007 571 1136 618 Cotta,
1168 570 1317 609 videri:

245 633 314 671 sed
345 633 411 682 qui
444 633 568 672 bellus
598 635 720 673 homo
749 643 818 681 est,
852 636 980 682 Cotta,
1012 635 1176 685 pusillus
1207 637 1328 675 homo
1358 644 1426 675 est.

760 734 796 770 X

198 801 295 840 Petit
325 803 528 840 Gemellus
559 802 715 853 nuptias
747 803 982 842 Maronillae

191 874 229 905 et
258 867 366 917 cupit
396 875 433 905 et
464 867 580 906 instat
611 876 648 906 et
679 876 858 918 precatur
887 877 925 906 et
955 870 1088 907 donat.

194 933 360 971 Adeone
391 934 553 982 pulchra
584 935 673 972 est?
731 935 863 972 Immo
893 933 1047 972 foedius
1078 934 1130 972 nil
1162 943 1231 973 est.

194 997 301 1046 Quid
332 1011 424 1047 ergo
454 998 492 1035 in
524 998 588 1036 illa
618 998 762 1048 petitur
791 1007 828 1037 et
859 1000 1016 1048 placet?
1064 999 1211 1038 Tussit.

748 1099 805 1136 XI

195 1169 296 1206 (jum
327 1169 419 1206 data
447 1168 523 1205 sint
554 1168 675 1217 equiti
706 1168 765 1206 bis
795 1167 915 1217 quina
944 1167 1192 1216 nomismata,
1224 1182 1343 1218 quare

249 1232 306 1270 bis
337 1232 468 1271 decies
499 1234 616 1279 solus,
649 1233 871 1280 Sextiliane‚
904 1233 1035 1271 bibis?

195 1298 269 1336 iam
301 1298 508 1336 defecisset
539 1298 728 1348 portantis
759 1300 871 1337 calda
902 1298 1110 1346 ministros,

248 1363 278 1401 si
310 1377 388 1401 non
420 1371 586 1413 potares,
619 1363 840 1412 Sextiliane,
874 1377 1038 1403 merum.

734 1465 815 1501 XII

199 1533 281 1570 Itur
310 1533 360 1570 ad
393 1533 581 1572 Herculei
611 1533 759 1584 gelidas
789 1547 867 1583 qua
897 1533 1055 1572 Tiburis
1084 1547 1192 1572 arces

249 1610 426 1647 canaque
456 1599 676 1648 sulphureis
706 1600 851 1637 Albula
881 1600 1005 1637 fumat
1033 1599 1156 1649 aquis,

196 1675 282 1699 rura
312 1676 530 1712 nemusque
561 1677 713 1701 sacrum
744 1663 967 1713 dilectaque
997 1663 1127 1713 iugera
1160 1664 1286 1702 Musis

249 1726 375 1776 signat
405 1727 532 1766 vicina
561 1736 721 1777 quartus
750 1728 801 1766 ab
831 1728 926 1766 urbe
956 1728 1064 1778 lapis.

197 1790 259 1828 hie
289 1791 395 1829 rudis
424 1792 590 1830 aestivas
621 1793 841 1842 praestabat
871 1792 1043 1842 porticus
1074 1794 1244 1840 umbras,
1509 1809 1527 1840 5

251 1857 327 1894 heu
358 1870 475 1906 quam
508 1871 632 1907 paene
663 1871 808 1896 novum
840 1857 1011 1908 porticus
1040 1872 1136 1896 ausa
1165 1859 1296 1897 nefas!

197 1934 287 1958 nam
318 1921 449 1961 subito
480 1924 667 1973 conlapsa
696 1923 781 1970 ruit,
814 1936 904 1961 cum
936 1924 1039 1961 mole
1069 1924 1142 1961 sub
1173 1923 1236 1961 illa

249 1994 421 2035 gestatus
453 1987 592 2038 biiugis
625 1989 799 2037 Regulus
830 1995 931 2026 esset
961 1987 1083 2038 equis.

244 2090 325 2120 VIII
351 2099 370 2128 5
395 2091 481 2121 sacili
499 2092 607 2122 uirum
628 2092 676 2122 CA
1099 2091 1148 2122 IX
1163 2092 1236 2122 hab.
1258 2091 1290 2121 R

242 2134 273 2163 X
297 2132 369 2164 lzab.
396 2134 424 2164 T
498 2145 509 2164 1
537 2136 701 2174 gemellus
716 2134 854 2166 AABA:
879 2135 1044 2174 gemellus
1062 2140 1226 2166 uenustus
1244 2134 1294 2165 CA
1311 2134 1360 2172 (in
1377 2135 1529 2165 lemmate

196 2187 240 2208 m:
258 2187 417 2208 onim-:Lm
435 2179 512 2209 ⁴4³:
531 2189 573 2209 DE
590 2188 745 2209 VENVSTO
758 2178 879 2210 BACA‘»
970 2190 989 2217 4
1008 2179 1133 2218 petitur
1143 2178 1270 2209 AACA:
1287 2178 1458 2218 appetitur
1472 2178 1528 2209 BA

242 2221 288 2251 XI
313 2220 384 2252 hab.
411 2221 439 2251 T
569 2233 581 2252 1
609 2223 710 2261 quina
727 2222 859 2253 ΑΑίἉε
884 2222 961 2253 bina
977 2222 1031 2252 BA

240 2263 306 2294 XII
331 2264 402 2295 lmb.
437 2264 466 2294 T
595 2276 606 2295 1
637 2266 722 2306 Itur]
751 2265 845 2296 Intus
869 2265 898 2296 T
940 2266 1114 2296 herculeas
1138 2265 1238 2304 gelidi
1264 2264 1347 2295 AN:
1378 2265 1527 2296 herculei

196 2308 326 2347 gelidas
343 2307 451 2338 BACA
546 2319 644 2348 quam
668 2309 782 2349 Tpro
798 2310 878 2350 qua)
1007 2320 1025 2347 4
1051 2309 1178 2339 uicinas
1201 2308 1230 2338 T
1350 2317 1369 2347 5
1395 2309 1528 2339 umbras

196 2351 329 2382 AACA:
351 2361 449 2383 auras
468 2351 521 2381 BA
