1684 2763
190 154 245 190 M.
278 154 401 191 VAL.
432 154 743 191 MARTIALIS

700 263 783 300 VII

192 347 276 383 Iam
307 353 411 384 certe
440 344 599 394 stupido
629 357 709 382 non
739 343 858 390 dices,
891 345 1022 390 Paula,
1054 343 1202 390 marito,

243 411 293 448 ad
322 411 533 448 moechum
562 409 744 458 quotiens
773 408 925 458 longius
954 408 1008 446 ire
1036 410 1154 455 voles,

192 478 200 494 ‘
218 475 362 514 Caesar
390 474 429 511 in
459 474 658 512 Albanum
688 473 798 511 iussit
827 486 890 511 me
919 486 1034 511 mane
1062 472 1204 519 venire,

246 540 390 578 Caesar
419 538 617 578 Circeios.'
674 540 759 575 Iam
788 538 947 587 stropha
975 537 1060 575 talis
1089 538 1180 575 abit.

193 605 415 653 Penelopae
444 603 533 641 licet
563 616 647 640 esse
676 601 747 639 tibi
776 602 850 639 sub
879 601 1054 651 principe
1083 603 1238 639 Nerva:
1499 616 1515 646 5

246 670 315 706 sed
344 667 526 717 prohibet
555 666 705 705 scabies
735 666 1016 715 ingeniumque
1044 673 1165 704 vetus.

196 733 346 779 Infelix,
377 732 473 782 quid
502 733 621 781 ages?
660 744 815 781 aegram
845 730 1046 769 simulabis
1074 730 1274 769 amicam?

248 796 423 835 haerebit
452 796 637 835 dominae
666 795 722 833 vir
751 808 884 834 comes
913 795 996 845 ipse
1026 809 1130 842 suae,

195 862 265 900 ibit
294 870 332 900 et
361 863 411 900 ad
441 863 595 899 fratrem
626 869 757 899 tecum
788 868 1032 910 matremque
1061 868 1300 910 patremque.

249 940 345 977 quas
374 926 488 976 igitur
517 927 672 964 fraudes
703 925 904 975 ingeniosa
933 927 1074 975 pares?
1481 939 1519 960 10

198 992 354 1030 Diceret
384 991 616 1041 hystericam
647 1004 687 1028 se
717 990 877 1028 forsitan
906 992 1025 1028 altera
1054 991 1220 1028 moecha

249 1057 287 1094 in
317 1057 555 1095 Sinuessano
584 1058 682 1093 velle
711 1057 846 1094 sedere
875 1057 971 1093 lacu.

197 1129 345 1171 quanto
374 1129 415 1159 tu
446 1121 596 1167 melius,
629 1120 810 1170 quotiens
840 1122 967 1170 placet
996 1120 1049 1158 ire
1078 1121 1260 1165 fututum,

250 1200 350 1235 quae
380 1199 511 1224 verum
545 1185 665 1223 mavis
695 1185 836 1231 dicere,
868 1186 998 1231 Paula,
1029 1184 1134 1222 viro!

695 1284 801 1321 VIII

200 1369 319 1405 Lassa
348 1367 456 1415 quod
485 1364 655 1402 hesterni
685 1364 831 1414 spirant
860 1365 1116 1414 opobalsama
1144 1364 1288 1410 drauci,

252 1430 388 1469 ultima
417 1431 525 1479 quod
555 1442 673 1467 curvo
703 1442 803 1478 quae
833 1429 938 1467 cadit
966 1442 1059 1466 aura
1087 1442 1203 1466 croco
1220 1443 1228 1475 ;

198 1509 317 1545 poma
345 1496 454 1544 quod
483 1494 646 1532 hiberna
676 1493 977 1532 maturescentia
1005 1507 1133 1543 capsa,

252 1562 390 1599 arbore
419 1561 527 1609 quod
556 1573 674 1597 verna
702 1558 921 1596 luxuriosus
949 1572 1039 1608 ager
1055 1573 1065 1606 ,-

200 1627 249 1663 de
281 1624 466 1662 Palatinis
497 1623 682 1662 dominae
712 1625 820 1672 quod
850 1623 980 1661 Serica
1008 1622 1135 1672 prelis,
1508 1638 1524 1667 5

254 1690 389 1728 sucina
418 1689 589 1739 virginea
618 1690 727 1738 quod
757 1690 925 1738 regelata
953 1701 1072 1725 manu
1087 1702 1097 1735 3

200 1756 389 1804 amphora
418 1755 526 1803 quod
556 1753 664 1802 nigri,
696 1754 765 1791 sed
794 1755 920 1802 longe,
952 1754 1071 1790 fracta
1102 1751 1264 1797 Falerni,

254 1820 362 1868 quod
393 1818 459 1868 qui
489 1818 661 1855 Sicanias
691 1817 839 1855 detinet
868 1819 1003 1855 hortus
1032 1829 1153 1865 apes,-

203 1885 310 1933 quod
341 1882 477 1922 Cosmi
506 1883 684 1920 redolent
713 1882 905 1919 alabastra
933 1880 1090 1929 focique
1120 1881 1295 1926 deorum,

255 1949 363 1998 quod
394 1949 514 1986 modo
544 1946 728 1985 divitibus
758 1948 865 1995 lapsa
894 1959 1040 1983 corona
1068 1944 1214 1982 comis:
1490 1962 1526 1982 10

204 2014 354 2062 singula
383 2012 478 2061 quid
508 2012 670 2050 dicam?
709 2024 789 2049 non
819 2018 908 2048 sunt
938 2010 1053 2056 satis;
1093 2009 1225 2047 omnia
1255 2008 1401 2047 misce:

257 2080 333 2116 hoc
362 2078 529 2126 fragrant
558 2076 668 2126 pueri
698 2076 806 2114 basia
835 2089 949 2113 mane
979 2074 1065 2112 mei.

247 2180 311 2211 VII
337 2191 386 2211 vv.
412 2190 483 2217 1-2‚
500 2190 586 2219 9-10
603 2178 674 2209 hab.
696 2178 729 2209 R
820 2189 832 2208 1
860 2178 943 2209 dicis
964 2177 1101 2208 AABA:
1127 2178 1219 2207 dices
1239 2177 1288 2207 CA
1375 2179 1396 2207 6
1420 2182 1528 2207 metus

207 2223 255 2254 CA
426 2234 441 2262 7
466 2223 539 2261 agis
559 2223 639 2253 BA:
671 2232 753 2261 ages
776 2222 824 2252 CA
1002 2231 1039 2251 10
1063 2231 1163 2260 pares
1186 2221 1268 2251 ΑΑι
1303 2230 1401 2260 paras
1420 2220 1528 2250 BACA

209 2277 242 2296 11
269 2267 360 2297 dicet
376 2271 409 2296 et
426 2266 619 2296 hictericam
633 2266 706 2305 (ic-)
724 2265 773 2296 CA
860 2265 945 2295 alter
962 2265 1113 2294 mecham
1131 2263 1187 2292 BA
1445 2263 1527 2293 VIII

205 2321 253 2341 vv.
276 2320 357 2340 1—12
380 2310 451 2340 hab.
476 2309 505 2340 T
650 2319 662 2338 1
691 2308 860 2339 hesternis
884 2312 1006 2346 pyrant
1031 2308 1065 2343 (τ’.
1079 2318 1104 2338 e.
1130 2306 1281 2337 hesterni
1305 2307 1450 2345 spirant)
1474 2306 1529 2336 ΒΑ

208 2354 389 2393 (hesternis
413 2353 544 2392 spirant
561 2352 604 2391 Q)
698 2353 806 2391 Lapsa
822 2352 910 2390 quod
929 2350 1081 2380 externis
1096 2350 1224 2389 spirant
1240 2361 1293 2389 op.
1310 2351 1438 2380 truncis
1453 2349 1526 2380 Ital.

209 2409 227 2434 4
253 2401 373 2426 uernat
389 2396 443 2425 ΒΑ
575 2405 593 2434 5
619 2395 743 2425 domini
766 2395 795 2425 T
877 2394 979 2434 pleris
1008 2393 1057 2423 CA
1168 2404 1184 2432 7
1209 2394 1314 2432 nigris
1332 2392 1381 2423 CA
1510 2394 1530 2421 8

209 2450 292 2479 opes
308 2440 363 2469 BA
496 2449 531 2468 11
558 2439 639 2468 satis
654 2449 718 2469 om.
739 2438 789 2468 CA
875 2438 986 2468 omnia
1001 2447 1065 2467 om.
1088 2437 1117 2466 T
1246 2447 1283 2466 12
1307 2435 1463 2475 fraglanti
1482 2435 1528 2465 CA
