1684 2763
187 144 243 179 M.
274 143 396 180 VAL.
434 143 746 181 MARTIALIS

703 255 779 291 XV

190 325 299 364 Mille
329 324 398 363 tibi
429 338 613 363 nummos
643 325 825 363 hesterna
853 326 940 363 luce
970 324 1120 374 roganti

214 389 279 427 >in
309 404 375 428 sex
403 398 469 428 aut
498 397 660 439 septem,
692 389 926 436 Caecifiane,
958 389 1041 428 dies

192 456 305 493 ‘Non
337 454 486 492 habeo'
515 453 617 492 dixi:
657 455 726 492 sed
756 462 797 492 tu
827 463 1007 492 causatus
1036 454 1152 492 amici

241 520 453 557 adventurn
483 520 636 556 lancem
666 532 870 568 paucaque
899 532 990 557 vasa
1019 533 1140 569 rogas.

189 585 337 622 Stultus
367 585 439 622 es?
476 597 525 620 an
556 585 717 621 stultum
749 597 811 622 me
840 583 976 630 credis,
1008 584 1163 622 amice?
1201 583 1338 633 negavi
1491 599 1508 629 5

242 648 347 687 mille
376 647 446 686 tibi
476 661 671 694 nummos,
702 647 808 685 milia
836 647 1012 697 quinque
1040 649 1177 686 dabo?

695 725 793 761 XVI

197 795 417 844 Privignum
448 807 527 832 non
558 807 643 832 esse
672 802 761 832 tuae
791 802 839 841 te,
873 795 994 840 Galle,
1028 808 1219 833 novercae

244 873 375 897 rumor
403 867 493 905 erat⁷
525 859 696 897 coniunx
725 860 820 897 dum
851 859 921 897 fuit
951 859 1015 897 illa
1043 859 1172 909 patris.

190 939 269 962 non
300 933 430 962 tamen
460 925 536 962 hoc
566 932 717 973 poterat
745 923 834 962 vivo
861 924 1036 974 genitore
1064 924 1230 974 probari.

245 989 320 1027 iam
352 1002 545 1038 nusquam
576 996 684 1038 pater
712 997 780 1035 est,
813 990 935 1035 Galle,
968 1002 1135 1027 noverca
1163 989 1271 1027 domi
1301 997 1369 1028 est.

193 1068 356 1103 magnus
385 1054 435 1092 ab
465 1053 624 1091 infernis
653 1062 855 1092 revocetur
884 1053 1036 1091 Tullius
1066 1053 1214 1092 umbris
1497 1070 1513 1099 5

246 1128 284 1158 et
314 1127 351 1157 te
379 1119 566 1157 defendat
597 1120 772 1167 Regulus
801 1118 884 1168 ipse
913 1118 1013 1165 licet,

193 1198 272 1223 non
303 1192 414 1234 potes
443 1183 617 1221 absolvi:
657 1197 747 1220 nam
778 1197 878 1233 quae
908 1197 987 1221 non
1017 1183 1161 1222 desinit
1190 1196 1274 1221 esse

248 1257 335 1299 post
365 1256 525 1298 patrem,
559 1261 787 1298 numquam,
821 1249 942 1295 Galle,
975 1262 1143 1286 noverca
1172 1248 1253 1286 fuit.

689 1331 810 1367 XVII

196 1404 339 1439 Facere
369 1400 406 1437 in
439 1399 652 1449 Lyciscam,
686 1401 816 1445 Paule,
849 1413 911 1438 me
940 1399 1051 1438 iubes
1080 1413 1222 1446 versus,

195 1466 337 1516 quibus
368 1465 432 1503 illa
460 1464 569 1503 lectis
600 1465 736 1502 rubeat
765 1472 803 1503 et
833 1464 880 1502 sit
910 1464 1015 1502 irata.

196 1533 232 1569 O
263 1532 393 1576 Paule,
426 1531 550 1568 malus
580 1544 647 1568 es:
686 1529 871 1568 irrumare
900 1529 956 1567 vis
985 1531 1102 1568 solus.

676 1607 821 1643 XVIII

197 1676 287 1719 Qua
316 1670 443 1708 vicina
471 1669 568 1720 pluit
598 1670 781 1720 Vipsanis
811 1678 921 1719 porta
950 1670 1144 1709 columnis

251 1744 287 1773 et
318 1736 449 1773 madet
478 1734 648 1773 adsiduo
678 1735 849 1772 lubricus
878 1735 1003 1788 imbre
1032 1735 1140 1784 lapis,

197 1801 234 1837 in
266 1801 440 1849 iugulum
472 1798 590 1848 pueri,
623 1799 689 1848 qui
719 1799 872 1837 roscida
902 1807 1003 1837 tecta
1032 1799 1200 1845 subibat,

250 1864 397 1903 decidit
428 1863 592 1901 hiberno
622 1863 841 1913 praegravis
870 1864 976 1901 unda
1004 1865 1120 1912 gelu?

197 1942 367 1978 cumque
396 1927 605 1978 peregisset
635 1927 763 1966 miseri
792 1928 963 1966 crudelia
992 1929 1079 1974 fata,
1501 1944 1517 1974 5

252 1993 376 2031 tabuit
406 1993 445 2030 in
476 1992 604 2031 calido
634 1994 791 2031 volnere
822 2006 957 2031 mucro
987 2001 1105 2031 tener.

200 2059 308 2107 Quid
338 2072 417 2096 non
448 2071 561 2096 saeva
590 2057 663 2096 sibi
692 2058 814 2096 voluit
844 2060 1016 2096 Fortuna
1044 2057 1188 2096 licere?

253 2132 319 2161 aut
348 2122 415 2161 ubi
445 2136 524 2161 non
555 2136 658 2161 mors
688 2131 756 2169 est,
789 2122 819 2160 si
848 2122 1028 2171 iugulatis
1057 2124 1213 2172 aquae?

245 2227 307 2257 XV
330 2226 402 2257 hab.
428 2225 472 2263 T;
497 2237 546 2256 vv.
569 2236 627 2256 1-2
645 2226 716 2256 lmb.
737 2225 770 2255 R
905 2235 917 2254 1
945 2230 1085 2255 externa
1104 2224 1150 2254 CA
1299 2234 1317 2253 2
1344 2223 1518 2254 meciliane

200 2281 278 2301 «m.
298 2280 369 2300 cec-
389 2269 434 2299 CA
453 2273 489 2298 ut
504 2269 566 2300 vid.
585 2270 635 2307 tin
654 2270 765 2300 (cmm.
785 2278 831 2297 AD
849 2270 1101 2298 ermeli-mmmm

244 2313 323 2343 XVI
349 2312 421 2343 lmb.
444 2312 488 2350 T;
512 2324 561 2344 vv.
576 2315 639 2351 5—6
655 2313 727 2343 hab,
741 2313 773 2342 l?
873 2322 891 2341 2
909 2312 973 2342 erit
992 2311 1039 2342 CA
1056 2315 1092 2340 ut
1106 2310 1167 2341 vicl.
1189 2309 1259 2341 (secl
1273 2315 1345 2340 erat
1360 2308 1518 2339 EAB‘2Gi

201 2401 221 2428 8
244 2356 366 2430 {27³2}ss
385 2356 456 2429 JJJJ).
484 2356 512 2386 T
650 2366 663 2385 1
690 2361 805 2395 sporta
824 2355 870 2385 (Α
1010 2365 1030 2384 2
1055 2359 1166 2384 manet
1185 2353 1233 2384 CA
1375 2364 1391 2392 7
1417 2353 1472 2392 qui
1496 2353 1524 2383 T
