1684 2763
214 147 269 183 M.
301 147 373 183 VA
381 146 423 182 L.
458 146 769 183 MARTIALIS

217 261 322 297 hunc
351 259 510 297 miratur
538 260 668 297 adhuc
699 265 856 296 centum
886 257 1010 307 gravis
1039 258 1150 295 hasta
1178 257 1359 306 virorum,

269 325 375 362 hunc
404 324 576 373 loquitur
603 331 712 373 grato
741 322 930 372 plurimus
959 336 1025 360 ore
1054 322 1185 361 cliens.

216 397 423 438 postquam
454 388 513 426 bis
543 388 646 426 senis
675 387 874 436 ingentem
903 387 1073 425 fascibus
1101 400 1249 425 annum

268 461 415 491 rexerat
444 454 600 491 adserto
630 452 696 502 qui
725 465 833 490 sacer
861 452 956 489 orbe
984 451 1065 497 fuit,
1502 467 1540 487 10

217 518 399 556 emeritos
430 517 557 555 Musis
587 525 624 555 et
655 517 819 554 Phoebo
849 515 1007 554 tradidit
1035 529 1160 554 annos

271 596 420 632 proque
450 595 520 620 suo
550 582 720 619 celebrat
749 593 855 618 nunc
886 580 1084 618 Helicona
1112 582 1206 619 foro.

766 651 899 687 LXIV

220 722 299 770 Qui
329 730 463 759 tonsor
491 722 617 758 fueras
648 727 729 758 tota
758 718 984 757 notissimus
1014 719 1109 757 urbe

274 794 310 824 et
340 794 428 835 post
458 787 534 823 hoc
564 784 749 823 dominae
778 797 939 821 munere
969 785 1093 822 factus
1123 798 1254 834 eques,

221 851 393 888 Sicanias
423 850 538 887 urbes
568 851 824 898 Aetnaeaque
854 861 972 898 regna
999 848 1142 898 petisti,

275 915 480 961 Cinname,
512 928 601 952 cum
632 915 782 962 fugeres
812 912 932 950 tristia
961 912 1043 950 iura
1071 913 1153 951 fori.

222 994 298 1029 qua
328 993 433 1017 nunc
462 987 542 1016 arte
571 992 705 1027 graves
735 977 918 1015 tolerabis
948 977 1093 1015 inutilis
1122 979 1277 1016 annos?

277 1044 371 1094 quid
401 1043 491 1081 facit
521 1043 657 1081 infelix
687 1050 725 1080 et
754 1042 913 1091 fugitiva
942 1041 1082 1091 quies?

224 1124 303 1147 non
333 1110 473 1155 rhetor,
505 1121 583 1146 non
614 1107 888 1157 grammaticus
918 1106 1050 1144 ludive
1080 1107 1271 1156 magister,

278 1187 356 1212 non
387 1172 569 1222 Cynicus,
601 1185 680 1210 non
711 1179 752 1209 tu
782 1171 935 1209 Stoicus
965 1184 1049 1208 esse
1078 1180 1201 1220 potes,

224 1239 392 1276 vendere
422 1250 494 1275 nec
524 1250 661 1274 vocem
691 1235 829 1274 Siculis
858 1236 1138 1284 plaussumque
1167 1235 1348 1274 theatris:

279 1304 385 1352 quod
415 1309 601 1351 superest,
632 1300 783 1346 iterum,
815 1299 1019 1346 Cinname‚
1052 1307 1185 1337 tonsor
1214 1300 1297 1338 eris.
1510 1316 1547 1337 10

774 1371 884 1407 LXV

228 1443 292 1480 Lis
323 1451 359 1480 te
390 1442 448 1479 bis
477 1442 668 1479 decumae
696 1447 966 1477 numerantem
996 1439 1135 1488 frigora
1164 1440 1325 1478 brumae

282 1506 447 1545 conterit
477 1519 554 1543 una
583 1505 715 1551 tribus,
749 1504 980 1553 Gargiliane‚
1012 1504 1114 1542 foris.

228 1574 277 1610 ah
308 1571 424 1609 miser
453 1579 491 1608 et
520 1571 710 1608 demens!
748 1569 883 1619 viginti
913 1569 1034 1618 litigat
1063 1569 1175 1607 annis

284 1636 490 1685 quisquam
521 1635 581 1672 cui
612 1634 726 1680 vinci,
758 1634 993 1683 Gargfflane,
1023 1633 1141 1672 licet?

765 1706 897 1742 LXVI

234 1778 434 1815 Heredem
468 1775 611 1812 Fabius
643 1774 860 1811 Labienum
891 1788 937 1811 ex
965 1788 1051 1812 asse
1081 1774 1256 1823 reliquit:

286 1843 371 1890 plus
402 1839 588 1877 meruisse
618 1848 748 1876 tamen
779 1852 820 1876 se
850 1838 1048 1876 Labienus
1076 1838 1139 1876 ait.

756 1910 911 1945 LXVII

342 1979 503 2018 Pedicat
532 1992 672 2028 pueros
702 1978 819 2016 tribas
850 1978 1046 2016 Philaenis

341 2053 377 2083 et
408 2043 595 2092 tentigine
623 2043 772 2081 saevior
801 2042 926 2080 mariti

281 2142 394 2172 LXIII
420 2151 440 2179 9
465 2141 591 2171 facibus
610 2140 657 2170 CA
772 2151 811 2170 10
835 2140 918 2170 urbe
936 2139 991 2170 ΒΑ
1108 2149 1142 2170 11
1170 2145 1203 2170 et
1220 2150 1285 2170 om.
1304 2139 1356 2168 ΒΑ
1447 2141 1554 2171 Phoe-

236 2185 294 2226 bo]
315 2185 450 2224 phocho
470 2186 552 2218 beo}
572 2184 619 2213 CA
638 2186 669 2220 (c
681 2188 742 2223 pro
760 2193 791 2218 e,
810 2184 829 2212 h
843 2188 903 2222 pro
919 2184 956 2215 bt

283 2228 392 2258 LXIV
416 2227 488 2256 lmb.
520 2227 548 2256 T
643 2237 655 2256 1
683 2231 752 2256 tota
766 2226 877 2256 fueras
893 2227 973 2256 AA:
998 2226 1018 2256 f.
1034 2231 1055 2255 t.
1073 2225 1177 2255 BACA
1309 2235 1329 2263 3
1352 2227 1556 2266 atheniaque

238 2273 289 2302 BA
306 2283 312 2301 2
336 2279 540 2308 aeternaque
558 2269 605 2299 CA
746 2281 765 2307 4
790 2269 896 2307 fugies
911 2269 964 2298 BA
1106 2278 1124 2305 5
1148 2268 1290 2308 inutilis]
1309 2270 1422 2299 inotiis
1440 2274 1475 2299 ut
1492 2270 1552 2301 vid.

238 2316 289 2345 BA
305 2314 437 2349 (inociis
454 2312 525 2343 PL.
543 2318 651 2342 motus
670 2312 712 2350 Q)
831 2323 852 2350 9
878 2322 907 2342 u.
928 2311 1067 2341 siculum
1090 2311 1133 2340 T:
1160 2321 1260 2342 uoces
1277 2313 1418 2351 singulis
1437 2313 1484 2343 CA

286 2357 377 2387 LXV
400 2356 472 2386 lzab.
497 2356 525 2384 T
604 2365 615 2384 1
647 2355 778 2386 Licebis
795 2356 866 2385 dec.
885 2355 931 2384 CA
1008 2355 1134 2393 frigore
1151 2359 1188 2384 ut
1202 2355 1263 2387 vid.
1286 2355 1336 2386 CA
1406 2356 1555 2386 brumam

243 2402 289 2431 (A
422 2410 440 2429 2
463 2399 545 2429 focis
561 2398 613 2428 ΒΑ
885 2398 992 2428 LXVI
1022 2408 1034 2427 1
1062 2399 1136 2428 labe
1153 2408 1348 2429 numerasse
1366 2400 1418 2429 BA
