1684 2715
879 150 1346 193 EPIGRAMMATON
1379 156 1481 194 LIB.
1517 157 1532 194 Ι

203 260 346 299 nobilis
376 262 473 299 haec
503 268 605 299 esset
634 261 788 311 pietatis
819 261 898 300 rixa
927 264 1097 311 duobus

256 327 364 376 quod
394 339 465 376 pro
494 327 608 365 fratre
639 327 737 366 mori
766 329 881 366 vellet
911 336 1076 379 uterque
1106 330 1218 380 prior,

202 391 349 429 diceret
379 391 549 430 infernas
579 400 617 430 et
647 392 714 442 qui
743 392 847 442 prior
876 393 968 432 isset
997 396 1047 433 ad
1078 395 1262 434 umbras:

260 456 367 496 ‘vive
396 465 476 505 tuo,
509 459 633 505 frater,
666 466 855 509 tempore,
886 459 972 498 vive
1003 462 1117 499 meo.'

660 559 863 596 XXXVII

204 626 361 665 Ventris
392 639 492 665 onus
523 627 676 675 misero,
709 642 782 667 nec
812 636 850 667 te
879 630 1013 679 pudet,
1046 629 1191 680 excipis
1221 643 1327 678 auro,

259 694 392 739 Basse,
424 691 526 731 bibis
556 692 679 731 vitro:
719 693 844 732 carius
874 708 966 744 ergo
995 708 1119 733 cacas,

649 793 874 831 XXXVIII

205 863 336 910 Quem
367 862 506 901 recitas
536 876 646 901 meus
677 871 746 909 est,
778 877 802 902 0
834 863 1053 911 Fidentine,
1087 863 1266 902 libellus:

258 928 328 966 sed
359 929 459 965 male
489 941 579 966 cum
610 927 759 975 recitas,
791 928 929 978 incipit
959 942 1043 966 esse
1074 936 1174 966 tuus.

670 1026 851 1062 XXXIX

205 1095 244 1134 Si
274 1096 361 1145 quis
391 1095 462 1134 erit
492 1108 596 1134 raros
627 1095 727 1134 inter
756 1097 1025 1134 numerandus
1054 1095 1216 1142 amicos,

259 1160 393 1208 quales
424 1157 550 1208 prisca
579 1159 677 1197 fides
707 1160 891 1208 famaque
921 1158 1029 1197 novit
1058 1172 1167 1206 anus,

205 1220 235 1258 si
266 1220 353 1271 quis
384 1220 601 1271 Cecropiae
631 1221 814 1260 madidus
846 1221 1061 1271 Latiaeque
1094 1221 1297 1259 Minervae

258 1286 405 1325 artibus
435 1294 473 1325 et
502 1300 593 1325 vera
621 1286 870 1337 simplicitate
899 1287 1041 1334 bonus,

205 1352 235 1390 si
267 1352 353 1402 quis
383 1351 454 1391 erit
484 1351 577 1390 recti
607 1360 753 1400 custos,
784 1352 943 1390 mirator
972 1351 1129 1390 honesti
1521 1365 1538 1395 5

259 1425 297 1455 et
327 1416 423 1455 nihil
452 1430 597 1455 arcano
627 1417 695 1467 qui
724 1425 833 1466 roget
862 1431 928 1456 ore
958 1418 1066 1464 deos,

206 1483 236 1521 si
267 1482 354 1532 quis
384 1482 455 1521 erit
486 1495 651 1532 magnae
681 1482 871 1520 subnixus
901 1483 1042 1521 robore
1073 1481 1239 1520 mentis:

261 1548 481 1599 dispeream
512 1547 543 1586 si
574 1561 654 1586 non
685 1547 749 1586 hic
781 1547 981 1586 Decianus
1011 1547 1092 1586 erit.

208 1718 288 1766 Qui
318 1717 430 1756 ducis
460 1718 589 1755 vultus
620 1724 657 1755 et
687 1730 768 1755 non
798 1716 892 1767 legis
923 1716 995 1755 ista
1025 1716 1202 1763 libenter,

261 1783 446 1821 omnibus
476 1782 664 1830 invideas,
697 1782 829 1830 livide,
858 1795 977 1821 nemo
1007 1781 1088 1820 tibi.

719 1883 815 1920 XLI

316 1953 500 1991 Vrbanus
531 1952 612 2000 tibi,
646 1952 805 2007 Caecili,
837 1952 990 1991 videris.

316 2013 397 2056 non
428 2006 480 2065 es,
512 2019 628 2056 crede
659 2005 765 2056 mihi.
827 2018 935 2067 Quid
966 2019 1090 2067 ergo?
1128 2029 1257 2063 verna,

317 2085 393 2122 hoc
423 2084 533 2133 quod
562 2082 861 2122 transtiberinus
889 2084 1122 2129 ambulator,

255 2187 405 2217 XXXVI
431 2196 449 2226 5
474 2187 577 2226 siqui
595 2187 672 2218 BA:
697 2192 731 2218 et
747 2187 804 2226 qui
823 2186 872 2217 CA

255 2231 422 2261 XXXVII
448 2230 520 2262 hab.
546 2230 606 2261 TR
752 2241 771 2260 2
797 2231 895 2261 basse
913 2230 996 2260 AA:
1020 2230 1116 2260 bassa
1133 2227 1241 2258 BACA

255 2274 444 2305 XXXVIII
470 2275 543 2305 lmb.
566 2273 598 2304 R
734 2284 747 2304 1
773 2285 861 2313 quae
880 2274 964 2305 citas
982 2274 1015 2304 R
1515 2311 1521 2314 N

255 2318 412 2348 XXXIX
436 2318 509 2350 lmh.
530 2318 560 2348 T
643 2327 663 2356 3
688 2317 816 2348 madius
833 2317 881 2348 CA
969 2327 988 2356 5
1014 2317 1152 2347 mirator
1163 2313 1302 2344 AABA:
1337 2312 1482 2342 imitator
1495 2311 1543 2340 (Α

255 2361 316 2391 XL
341 2362 414 2392 lzab.
434 2361 467 2391 R
602 2371 615 2391 1
643 2361 721 2400 quid
738 2360 772 2390 R
791 2361 860 2397 «xvix
874 2361 948 2401 ΑΛ)

254 2405 332 2435 XLI
359 2416 378 2435 2
402 2415 507 2436 uerna
525 2415 562 2436 es
578 2404 654 2434 BA:
680 2414 786 2435 uerna
805 2404 853 2435 CA
