1684 2763
776 139 1032 175 EPIGRAM
1042 140 1241 177 MATON
1278 141 1378 177 [1111.
1414 142 1489 178 Vll

163 248 217 288 sic
248 251 329 287 fora
359 248 556 295 mirentur,
589 248 644 287 sic
674 256 711 287 tc
743 248 890 287 Palatia
920 251 1092 295 laudent⁷
1475 269 1490 297 5

215 316 366 353 excolat
395 322 433 353 et
462 314 638 363 geminas
668 314 834 363 plurima
864 316 993 364 palma
1024 316 1150 353 fores:

161 379 241 417 otia
269 381 365 417 dum
397 379 550 417 medius
580 387 749 429 praestat
779 379 849 417 tibi
880 393 997 429 parva
1030 380 1261 422 December,

215 444 334 494 exige,
367 445 435 482 sed
466 452 579 490 certa,
613 458 712 494 quos
743 444 848 494 legiS‚
880 459 972 482 aure
1007 444 1126 483 iocos.

164 509 290 547 ‘Scire
320 509 414 547 libet
444 511 610 548 verum?
646 524 704 548 res
734 517 791 547 cst
823 511 920 547 haec
949 511 1095 548 ardua.’
1152 512 1229 548 Sed
1261 519 1301 548 tu

212 575 321 624 quod
351 574 420 612 tibi
451 574 506 612 vis
536 574 613 613 dici
644 575 785 621 dicere,
820 577 955 621 Fusce,
988 584 1109 625 potes.
1455 594 1492 614 10

642 682 780 717 XXIX

159 750 357 798 Thestyle‚
388 749 558 787 Victoris
589 757 828 788 tormentum
859 751 976 788 dulce
1006 751 1173 794 Voconi,

211 827 291 863 quo
321 828 439 852 nemo
469 823 526 852 est
557 822 640 853 toto
671 815 799 853 notior
828 815 923 853 orbe
954 829 1059 864 puer,

157 878 212 916 sic
242 879 359 917 etiam
390 879 526 929 positis
556 881 778 918 formonsus
808 893 938 918 amere
968 880 1116 930 capillis

211 951 247 981 et
278 945 429 993 placeat
458 944 534 982 vati
565 946 671 982 nulla
700 946 830 994 puella
858 953 950 982 tuo:

157 1008 351 1058 paulisper
380 1008 531 1047 domini
561 1010 701 1047 doctos
731 1023 879 1058 sepone
909 1009 1073 1051 libellos,
1472 1029 1488 1060 5

209 1074 382 1111 carmina
411 1074 560 1112 Victori
590 1075 685 1112 dum
716 1075 803 1124 lego
833 1088 950 1124 parva
980 1082 1059 1112 tuo.

155 1146 193 1176 et
224 1139 458 1186 Maecenati,
493 1141 607 1177 Maro
636 1153 727 1178 curn
758 1148 931 1178 cantaret
962 1139 1114 1183 Alexin,

209 1211 302 1243 nota
331 1212 462 1242 tamen
495 1204 617 1243 Marsi
650 1206 758 1243 fusca
790 1204 984 1243 Melaenis
1014 1213 1106 1243 erat.

155 1381 236 1417 Das
267 1379 430 1426 Parthis,
463 1381 532 1418 das
563 1380 782 1426 Germanis,
814 1381 896 1426 das,
929 1379 1074 1425 Caelia,
1108 1379 1239 1422 Dacis.

206 1458 279 1483 nec
309 1445 478 1484 Cilicum
510 1445 658 1495 spernis
689 1446 1056 1494 Cappadocumque
1086 1452 1215 1489 toros;

152 1516 189 1547 et
220 1509 290 1548 tibi
321 1511 370 1548 de
402 1510 541 1548 Pharia
572 1509 844 1559 Memphiticus
874 1510 970 1547 urbe
1000 1511 1148 1547 fututor

205 1574 372 1624 navigat,
403 1589 425 1612 a
455 1574 579 1612 rubris
609 1583 647 1613 et
677 1575 785 1624 niger
816 1576 940 1612 Indus
970 1574 1107 1624 aquis:

151 1652 224 1678 nec
253 1639 507 1677 recutitorum
537 1639 636 1689 fugis
666 1639 827 1690 inguina
857 1641 1107 1684 Iudaeorum,
1467 1656 1482 1686 5

204 1718 277 1743 nec
307 1712 345 1742 te
375 1704 590 1743 Sarmatico
620 1705 755 1742 transit
787 1706 936 1742 Alanus
967 1718 1081 1754 equo.

151 1770 240 1818 Qua
270 1769 419 1808 ratione
449 1769 554 1816 facis,
586 1783 676 1808 cun]
708 1769 758 1807 sis
790 1771 973 1807 Romana
1002 1770 1143 1819 puella,

202 1835 311 1883 quod
343 1836 526 1872 Romana
555 1834 625 1872 tibi
656 1836 832 1872 mentula
861 1836 968 1872 nulla
998 1835 1159 1883 placet?

632 1939 770 1976 XXXI

256 2009 417 2046 Raucae
447 2007 592 2046 chortis
621 2021 711 2046 aves
741 2015 779 2046 et
808 2021 882 2047 ova
913 2015 1079 2045 matrum

254 2081 292 2111 et
321 2075 439 2111 flavas
469 2073 602 2112 medio
630 2087 774 2124 vapore
804 2073 924 2112 Chias

191 2176 343 2206 XXVIII
364 2177 528 2240 8Aexiges
554 2181 586 2206 et
614 2176 661 2207 CA
688 2178 765 2218 (pro
789 2177 890 2216 exige
915 2182 977 2209 set.
998 2178 1049 2207 tle.
1079 2185 1106 2207 e.
1134 2175 1208 2214 sed)
1311 2175 1399 2214 quod
1425 2175 1477 2205 BA

150 2224 330 2293 ῙΟΧΙΞὲἷξζὸῒ
340 2220 524 2294 1CVict0ris
540 2263 612 2295 Ital.
632 2276 638 2294 ε
663 2264 782 2294 uicturi
800 2263 888 2294 codd.
994 2274 1012 2293 2
1037 2263 1118 2293 urbe
1138 2261 1248 2302 (PQs'J
1263 2261 1311 2291 vel
1326 2261 1406 2291 orbe
1419 2261 1474 2298 (L,

144 2305 199 2335 ΒΑ
214 2311 297 2341 (tota
309 2330 317 2337 .
332 2330 340 2337 .
354 2331 360 2337 .
373 2307 454 2337 urbe
474 2308 517 2346 Q)
598 2317 617 2346 3
643 2307 743 2346 positi
762 2308 811 2337 CA
879 2317 992 2337 amare
1011 2306 1058 2337 CA
1142 2316 1161 2345 5
1187 2315 1309 2345 epoxne
1324 2305 1413 2346 (μα)
1430 2305 1475 2335 CA

192 2349 293 2379 XXX
317 2350 390 2381 lzab.
413 2350 442 2379 T
525 2360 544 2389 3
568 2351 684 2381 salitor
700 2351 758 2380 ΑΑ
784 2353 862 2390 (pro
878 2351 1019 2381 fututor}

191 2392 309 2423 XXXI
335 2404 384 2424 vv.
405 2403 473 2432 1—3.
494 2395 556 2432 5-8
581 2395 653 2424 lzab.
680 2394 708 2424 T
800 2405 818 2424 2
843 2399 876 2424 et
895 2394 945 2434 ss.]
964 2394 1080 2424 effiuas
1099 2393 1147 2423 (A
1247 2397 1363 2422 uatore
1387 2390 1434 2421 CA
