1684 2763
249 144 302 181 M.
334 144 457 182 VAL.
490 144 803 182 MARTIALIS

353 268 471 294 curva
499 256 671 294 calculus
701 254 889 294 excitatur
918 257 1036 303 unda,

353 320 519 359 exclusis
549 322 685 371 procul
714 321 900 359 omnibus
930 321 1117 368 molestis,

354 386 566 436 pertundas
594 385 759 436 glaciem
788 386 928 425 triente
956 386 1078 436 nigro,
1560 403 1576 434 5

354 452 522 490 frontem
553 450 733 490 sutilibus
763 451 879 490 ruber
907 451 1062 490 coronis
1078 466 1088 499 3

354 516 409 554 sic
438 516 505 554 uni
534 516 605 554 tibi
634 515 682 554 sit
710 529 808 565 puer
835 515 1023 554 cinaedus

354 589 392 619 et
421 580 638 619 castissima
666 580 811 630 pruriat
840 582 994 630 puella:

355 646 541 684 infamem
572 645 694 684 nimio
724 647 852 684 calore
883 646 1042 695 Cypron

356 711 538 748 observes
569 722 714 748 moneo
743 722 971 759 precorque,
1005 710 1155 757 Flacce,
1542 725 1579 747 10

357 788 502 814 messes
531 788 621 813 area
650 787 741 813 cum
771 782 868 813 teret
897 774 1093 824 crepantis

356 848 394 879 et
423 841 576 879 fervens
605 839 699 878 iuba
727 839 872 878 saeviet
901 839 1037 878 leonis.

356 908 408 944 At
438 913 491 952 tu,
522 904 613 944 diva
643 904 779 955 Paphi,
810 904 974 952 remitte,
1007 904 1148 943 nostris

356 970 546 1009 inlaesum
578 970 759 1008 iuvenem
790 969 943 1008 remitte
972 969 1082 1009 votis.

357 1035 411 1074 sic
442 1034 580 1073 Martis
611 1035 680 1073 tibi
709 1034 879 1073 serviant
909 1036 1116 1073 Kalendae
1543 1051 1579 1083 15

356 1108 393 1139 et
424 1113 514 1138 cum
545 1108 628 1138 ture
658 1113 845 1150 meroque
874 1099 1111 1150 victimaque

357 1166 498 1203 libetur
527 1165 596 1203 tibi
626 1165 815 1203 candidas
844 1166 895 1203 ad
923 1178 1008 1203 aras

358 1238 463 1270 secta
492 1230 659 1281 plurima
688 1232 837 1280 quadra
865 1231 915 1269 de
944 1232 1135 1280 placenta.

760 1334 857 1373 XCI

254 1418 315 1455 Ad
346 1429 484 1455 cenam
516 1416 545 1454 si
577 1430 639 1454 me
669 1415 821 1455 diversa
850 1422 1007 1454 vocaret
1036 1415 1075 1453 in
1104 1422 1204 1454 astra

305 1481 397 1520 hinc
427 1481 609 1520 invitator
639 1481 828 1528 Caesaris,
860 1480 953 1519 inde
983 1480 1099 1527 Iovis,

251 1554 352 1584 astra
382 1546 471 1585 licet
500 1546 670 1597 propius,
705 1546 853 1584 Palatia
881 1545 1034 1595 longius
1064 1552 1205 1592 essent,

306 1624 493 1661 responsa
522 1613 572 1649 ad
603 1625 764 1662 superos
794 1613 892 1649 haec
922 1611 1125 1649 referenda
1155 1611 1312 1649 darem:

257 1676 466 1724 ‘Quaerite
496 1676 562 1726 qui
593 1676 702 1714 malit
731 1676 812 1715 fieri
843 1675 1008 1714 conviva
1036 1675 1254 1714 Tonantis:
1566 1693 1582 1724 5

309 1754 371 1780 me
401 1754 511 1780 meus
541 1742 580 1779 in
611 1742 718 1780 terris
750 1741 927 1791 Iuppiter
956 1754 1048 1779 ecce
1078 1742 1208 1779 tenet)

751 1844 872 1883 XCII

258 1929 372 1975 Quae
403 1927 504 1964 mala
534 1933 623 1964 sunt
653 1925 815 1973 domini,
848 1938 949 1975 quae
979 1924 1077 1964 servi
1107 1927 1329 1972 commoda,
1362 1925 1500 1973 nescis,

312 1992 502 2040 Condyle‚
536 1990 602 2041 qui
633 2004 786 2029 servum
817 1997 854 2029 te
883 1990 1006 2040 gemis
1036 2004 1121 2029 esse
1150 1990 1229 2029 diu.

257 2057 323 2094 dat
353 2055 422 2094 tibi
453 2069 610 2094 securos
640 2055 724 2094 vilis
754 2054 962 2105 tegeticula
991 2068 1163 2102 somnos,

311 2120 469 2170 pervigil
498 2120 537 2158 in
568 2122 702 2170 pluma
731 2119 853 2158 Gaius
883 2133 975 2159 ecce
1005 2119 1115 2158 iacet.

303 2222 363 2252 XC
388 2232 407 2258 4
432 2223 546 2253 exosis
566 2222 615 2253 CA
736 2232 755 2262 5
781 2223 966 2262 pertundas
982 2222 1058 2255 BA:
1085 2223 1252 2263 per-funda
1269 2223 1377 2264 (das)
1396 2223 1445 2254 CA
1567 2225 1588 2254 6

259 2266 436 2296 subtilibus
454 2266 508 2295 ΒΑ
620 2266 704 2296 uber
723 2266 771 2296 CA
792 2271 908 2305 [praec.
927 2267 957 2306 s)
1118 2276 1156 2296 12
1182 2267 1319 2298 feruens
1336 2266 1391 2297 BA
1407 2278 1414 2297 :
1439 2267 1519 2297 fului
1539 2267 1587 2298 CA

260 2319 325 2339 uua
347 2308 395 2339 CA
485 2309 556 2339 seui
576 2309 628 2338 ΒΑ
646 2311 776 2347 tfucrat
791 2310 882 2340 saevi
900 2315 933 2340 et
950 2309 992 2349 l.)
1083 2309 1173 2340 leoni
1193 2310 1242 2340 CA
1366 2320 1404 2349 13
1428 2315 1461 2341 at
1478 2314 1513 2342 tu
1531 2311 1587 2341 diu

260 2362 389 2392 papyre
407 2352 500 2382 mitte
521 2352 570 2383 CA
663 2362 696 2391 14
725 2353 881 2383 iuuenem
898 2351 978 2383 BA:
1001 2363 1143 2392 puerum
1162 2353 1211 2384 CA
1345 2353 1440 2384 XCII
1465 2353 1538 2385 hab.
1564 2353 1594 2384 T

265 2407 275 2426 1
303 2401 381 2426 sunt
398 2395 533 2426 AACA:
556 2395 623 2426 sint
640 2395 695 2426 BA
827 2407 847 2436 3
871 2396 1015 2436 uilisque
1032 2396 1179 2436 geticula
1203 2396 1246 2428 T:
1272 2395 1348 2428 uilis
1363 2397 1499 2428 teticula
1519 2396 1567 2428 CA
