1684 2763
233 169 288 205 M.
320 168 442 205 VAL.
475 167 788 204 MARTIALIS

231 276 366 313 oscula
394 288 477 312 rara
506 273 618 313 dabis
648 273 763 312 nobis
793 280 830 312 et
860 287 940 311 non
971 272 1083 312 dabis
1113 274 1226 319 ultro,

285 353 359 378 nec
388 339 499 389 quasi
528 346 652 389 nupta
681 338 794 377 dabis
824 339 893 376 sed
923 337 1035 388 quasi
1064 344 1188 375 mater
1216 349 1324 374 anus.

232 403 271 441 Si
300 411 412 454 potes
441 404 514 442 ista
542 403 633 453 pati,
666 403 697 441 si
726 402 780 440 nil
810 404 977 452 perferre
1006 415 1174 449 recusas,
1521 415 1558 445 15

285 468 460 507 invenies
490 468 557 518 qui
586 476 624 507 te
654 469 809 514 ducere,
842 467 930 515 Sila,
962 466 1078 505 velit.'

715 567 855 603 XXIV

341 641 447 678 Dum
477 647 515 677 te
543 651 760 689 prosequor
789 645 826 675 et
855 638 1020 675 domurn
1048 638 1205 683 reduco,

338 717 471 742 aurem
501 705 596 742 dum
626 703 697 741 tibi
726 709 880 752 praesto
909 701 1101 752 garrienti,

339 776 377 806 et
406 767 601 818 quidquid
629 767 800 817 loqueris
829 766 1004 816 facisque
1033 767 1164 812 laudo,

339 841 435 882 quot
464 846 596 871 versus
626 839 816 882 poterant,
850 832 1025 878 Labulle,
1058 830 1191 868 nasci!

338 899 415 935 hoc
444 899 634 935 damnum
664 896 735 935 tibi
766 910 846 934 non
876 896 1029 934 videtur
1063 908 1159 941 esse,
1541 909 1557 940 5

338 962 368 1000 si
399 964 507 1012 quod
539 964 669 1000 Roma
697 961 798 1011 legit,
830 960 990 1010 requirit
1018 962 1174 1010 hospes,

338 1040 418 1065 non
448 1026 600 1065 deridet
628 1040 760 1076 eques,
792 1034 898 1064 tenet
927 1033 1093 1072 senator,

338 1093 470 1130 laudat
501 1091 732 1138 causidicus,
763 1099 881 1141 poeta
910 1090 1041 1140 carpit,

339 1164 496 1206 propter
524 1164 562 1194 te
591 1156 833 1205 perit—hoc,
866 1156 1042 1201 Labulle,
1074 1167 1210 1192 verum
1240 1153 1381 1191 est—?

339 1222 415 1259 hoc
445 1220 654 1270 quisquam
684 1222 810 1258 ferat?
844 1227 885 1257 ut
915 1219 985 1257 tibi
1015 1227 1172 1257 tuorum
1521 1229 1562 1252 10

340 1285 387 1323 sit
417 1285 539 1323 maior
568 1298 753 1323 numerus
782 1285 1060 1334 togatulorurn,

339 1350 525 1388 librorum
556 1349 650 1387 mihi
680 1349 727 1387 sit
757 1349 885 1386 minor
914 1349 1121 1386 meorum?

339 1414 516 1463 Triginta
544 1428 667 1464 prope
695 1414 772 1452 iarn
803 1414 943 1452 diebus
973 1426 1051 1451 una
1080 1419 1138 1450 est

341 1479 455 1517 nobis
485 1479 627 1529 pagina
655 1479 718 1517 vix
746 1486 912 1529 peracta.
972 1477 1035 1516 Sic
1066 1478 1108 1514 fit

339 1557 431 1582 cum
461 1558 601 1583 cenare
630 1544 740 1582 domi
769 1551 886 1593 poeta
914 1556 994 1581 non
1025 1543 1118 1580 vult.
1522 1553 1559 1584 15

732 1654 848 1689 XXV

234 1730 307 1765 Illa
335 1730 439 1766 salax
469 1728 633 1766 nimium
664 1742 738 1766 nec
767 1727 901 1777 paucis
931 1734 1025 1765 nota
1053 1724 1192 1776 puellis

287 1800 387 1831 stare
418 1794 519 1831 Lino
549 1794 650 1831 desit
679 1795 866 1830 mentula.
925 1792 1087 1841 Lingua,
1119 1802 1222 1828 cave.

715 1891 853 1927 XXVI

233 1968 269 2005 O
299 1965 395 2003 mihi
423 1973 530 2015 grata
559 1965 680 2015 quies,
712 1978 736 2003 o
767 1966 922 2011 blanda,
954 1965 1208 2013 Telesphore‚
1240 1972 1342 2006 cura,

286 2031 410 2081 qualis
440 2031 479 2068 in
508 2032 692 2080 amplexu
722 2043 802 2068 non
834 2029 904 2068 fuit
932 2036 1023 2067 ante
1053 2041 1166 2066 meo:

278 2133 398 2164 XXIII
427 2143 465 2172 13
490 2138 524 2164 et
548 2132 686 2163 AACA:
719 2137 772 2164 set
801 2132 890 2173 (sed)
919 2131 976 2162 BA
1145 2140 1183 2170 15
1208 2136 1364 2159 recurras
1390 2126 1451 2156 AA
1482 2127 1564 2167 (pro

237 2187 372 2207 recusas
387 2188 393 2206 ε
419 2187 435 2207 r
448 2182 509 2217 pro
521 2178 550 2215 s)

276 2220 395 2250 XXIV
418 2231 438 2259 3
461 2225 494 2250 et
510 2230 574 2249 om.
595 2218 650 2249 BA
745 2230 775 2257 4,
793 2229 813 2259 9
837 2217 961 2248 sabulle
978 2217 1055 2248 BA:
1078 2217 1202 2248 Iabulle
1222 2215 1271 2247 CA
1369 2222 1408 2252 14
1432 2213 1469 2243 fit
1484 2214 1563 2245 BA:

232 2268 284 2294 est
302 2264 379 2303 (pro
396 2264 459 2300 sit3
485 2274 500 2293 s
519 2268 579 2302 pro
596 2263 643 2303 Π)
663 2262 713 2293 ΕΑ
848 2271 885 2300 15
912 2267 1011 2300 poeta
1027 2271 1098 2291 non
1115 2261 1184 2291 vult
1203 2259 1362 2291 Gruterus
1379 2268 1386 2287 ε
1410 2266 1478 2287 non
1491 2259 1562 2289 vult

233 2317 264 2346 p.
279 2306 368 2337 codd.
385 2318 393 2337 ε
418 2305 535 2336 neuult
553 2317 582 2345 p.
607 2307 645 2346 (2)
662 2304 883 2336 Schneidewin

275 2349 376 2380 XXV
396 2359 410 2379 1
430 2360 533 2387 sagax
550 2349 604 2379 ΒΑ
693 2359 756 2379 nec
775 2349 807 2379 in
825 2347 941 2388 paucis
957 2346 1052 2388 (EA)
1070 2346 1120 2378 vel
1133 2357 1195 2377 nec
1212 2347 1331 2387 paucis
1350 2346 1399 2377 CA

278 2392 392 2424 XXVI
417 2403 466 2423 vv.
489 2402 548 2431 1-4
566 2392 638 2425 hab.
661 2392 690 2423 T
