1684 2763
190 152 245 188 M.
277 151 398 188 VAL.
432 150 744 189 MARTIALIS

690 264 791 301 XIV

190 346 383 393 Heredes,
412 344 533 383 nolite
561 345 719 383 brevem
749 343 913 394 sepelire
941 346 1150 383 colonum:

242 423 332 448 nam
363 417 462 448 terra
491 416 549 448 est
578 409 631 447 illi
661 411 1022 460 quantulacumque
1055 408 1191 460 gravis.

705 493 783 528 XV

296 562 394 600 Sunt
424 562 580 599 chartae
609 560 705 598 mihi
735 574 831 610 quas
862 559 1024 599 Catonis
1054 573 1149 598 uxor

295 634 333 664 et
362 639 458 675 quas
487 625 690 663 horribiles
719 627 848 674 legant
877 625 1067 663 Sabinae:

296 690 359 728 hic
389 697 492 727 totus
522 691 612 727 volo
641 689 764 727 rideat
793 688 948 727 libellus

296 763 333 793 et
364 753 411 792 sit
440 753 605 803 nequior
634 753 818 791 omnibus
847 752 998 791 libellis.

297 819 363 869 qui
392 818 485 856 vino
515 819 673 857 madeat
702 832 775 856 nec
805 818 1009 856 erubescat
1495 832 1512 862 5

297 883 431 934 pingui
461 883 642 922 sordidus
672 896 756 921 esse
787 883 1013 930 Cosmiano,

296 950 405 986 ludat
435 961 524 986 cum
555 947 697 997 pueris,
725 955 830 986 amet
859 950 1021 997 puellas,

297 1026 370 1052 nec
399 1026 467 1063 per
495 1013 678 1051 circuitus
707 1015 888 1062 loquatur
916 1013 1035 1060 illam,

298 1091 343 1116 ex
373 1091 451 1128 qua
479 1078 688 1125 nascimur,
718 1078 894 1116 omnium
925 1085 1141 1128 parentem,

299 1156 416 1192 quarn
447 1150 604 1181 sanctus
634 1144 766 1181 Numa
796 1146 1010 1181 mentulam
1040 1144 1216 1181 vocabat.
1476 1156 1514 1179 10

300 1210 445 1246 Versus
475 1209 547 1246 hos
576 1215 707 1246 tamen
738 1221 822 1246 esse
851 1215 893 1246 tu
923 1215 1123 1246 memento

300 1272 590 1319 Saturnalicios,
624 1272 887 1322 Apollinaris:

300 1350 426 1375 mores
456 1350 536 1374 non
566 1336 685 1374 habet
714 1335 777 1374 hic
807 1349 916 1374 meos
944 1335 1109 1374 libellus.

696 1418 795 1455 XVI

195 1488 274 1537 Qui
303 1487 426 1537 gravis
457 1501 497 1542 es
526 1486 704 1533 nimium,
736 1494 847 1537 potes
876 1487 968 1526 hinc
998 1487 1086 1535 iarn,
1118 1488 1249 1534 lector,
1280 1486 1387 1525 abire

248 1566 327 1603 quo
356 1553 474 1591 libet:
513 1553 686 1591 urbanae
716 1552 939 1602 scripsimus
970 1552 1042 1591 ista
1071 1560 1208 1602 togae;

198 1618 272 1655 iam
304 1631 391 1656 mea
421 1617 656 1666 Lampsacio
685 1617 834 1655 lascivit
863 1617 1003 1667 pagina
1031 1630 1143 1655 versu

249 1690 287 1721 et
316 1682 540 1720 Tartesiaca
569 1690 779 1732 concrepat
808 1695 897 1720 aera
927 1696 1055 1720 manu.

197 1747 232 1785 O
262 1747 444 1796 quotiens
473 1746 595 1796 rigida
623 1747 796 1795 pulsabis
826 1746 942 1796 pallia
971 1760 1079 1793 vena,
1500 1761 1517 1791 5

249 1812 300 1850 sis
329 1811 479 1861 gravior
508 1811 627 1850 Curio
658 1811 916 1860 Fabricioque
946 1811 1059 1849 licet!

197 1878 258 1914 Tu
289 1889 448 1926 quoque
477 1875 671 1924 nequitias
700 1875 822 1913 nostri
851 1878 1037 1924 lususque
1065 1874 1185 1913 libelli

251 1942 339 1987 uda,
370 1942 513 1991 puella,
542 1941 656 1989 leges,
688 1939 739 1977 sis
769 1939 955 1977 Patavina
983 1940 1083 1977 licet.

199 2005 365 2043 Erubuit
394 2004 604 2055 posuitque
633 2018 765 2042 meum
796 2004 976 2042 Lucretia
1004 2004 1157 2050 librum,

255 2072 324 2108 sed
355 2083 486 2108 coram
517 2071 664 2116 Brut03
694 2071 823 2116 Brute,
855 2070 1017 2107 recede:
1057 2071 1169 2118 leget.
1480 2083 1519 2106 10

243 2173 327 2203 XIV
349 2172 422 2203 hab.
445 2172 475 2202 T
591 2171 655 2202 XV
682 2182 695 2202 1
722 2182 787 2202 om.
805 2171 854 2202 CA
927 2172 947 2201 8
970 2172 1088 2210 loquar
1103 2170 1199 2209 (EA)
1213 2171 1263 2201 vel
1278 2172 1432 2210 loquatur⁴
1450 2169 1519 2209 (X)

202 2216 250 2246 CA
342 2225 380 2254 13
404 2225 498 2246 meos
514 2214 588 2246 Ital.
605 2226 612 2245 z
636 2224 730 2245 meus
745 2214 833 2246 codd.
1044 2214 1124 2244 XVI
1150 2225 1199 2245 vv.
1219 2224 1289 2254 1—2‚
1305 2224 1391 2253 5-10
1407 2214 1478 2245 hab.
1498 2213 1528 2243 T

205 2270 216 2289 1
243 2258 295 2289 hic
315 2259 363 2289 CA
381 2260 469 2297 (cum
493 2258 607 2288 Tante
622 2259 719 2299 corr.)
826 2268 845 2288 2
869 2258 914 2288 ita
934 2257 1028 2297 (EA)
1045 2257 1096 2287 vel
1110 2258 1172 2288 ista
1190 2257 1239 2287 CA
1341 2267 1361 2296 3
1386 2258 1450 2287 iam
1467 2256 1522 2286 BA

202 2303 251 2341 (in
269 2301 334 2335 Pi:
353 2311 428 2331 nam
447 2301 494 2332 CA
562 2311 615 2331 me
634 2301 682 2331 CA
791 2312 810 2339 4
833 2301 1021 2340 tarpesiaco
1039 2301 1088 2331 CA
1175 2311 1235 2331 ora
1252 2300 1302 2331 CA
1415 2309 1433 2338 5
1451 2300 1521 2339 pul—

201 2345 286 2376 sabit
298 2344 355 2374 ΒΑ
471 2345 492 2373 6
515 2344 563 2375 sic
580 2344 609 2374 T
692 2344 787 2385 licet]
806 2344 885 2374 fecit
901 2344 956 2374 BA
975 2350 1055 2384 ipro
1071 2344 1185 2383 lecitz)
1311 2344 1331 2373 8
1355 2343 1436 2383 uda]
1454 2343 1521 2373 und

203 2389 274 2426 (sic)
299 2388 328 2418 T
446 2388 540 2426 legas
557 2387 615 2416 ΑΛ
630 2398 637 2417 :
661 2386 755 2426 leges
769 2386 878 2418 BACA
1006 2398 1044 2418 10
1066 2392 1179 2418 sector
1194 2387 1348 2418 ambruto
1366 2386 1459 2426 (EA)
1477 2386 1526 2417 vel

203 2432 262 2462 sed
279 2441 391 2462 coram
408 2430 508 2461 bruto
527 2431 575 2462 CA
666 2431 770 2462 Brute
788 2441 854 2462 om.
881 2430 910 2461 T
