1684 2763
820 140 1288 180 EPIGRAMMATON
1320 143 1373 180 LI
1382 143 1424 180 B.
1459 144 1499 182 11

170 253 239 290 Per
269 258 306 289 te
336 264 483 301 perque
514 260 632 298 tuam,
666 259 798 290 vector
829 252 982 299 lascive,
1016 255 1199 303 puellam,

219 317 268 354 ad
299 329 438 354 cenam
469 318 617 355 Sehum
649 324 701 365 tu,
735 331 841 368 rogo,
875 325 994 366 taure‚
1028 332 1136 358 voca.

686 417 763 454 XV

275 492 396 539 Quod
426 491 521 529 nulli
551 491 715 530 calicem
746 500 858 530 tuum
888 492 1073 543 propinas

274 558 447 595 humane
477 556 583 605 facis,
618 559 783 605 Horme,
816 571 897 596 non
928 559 1107 609 superbe.

679 658 777 696 XVI

166 732 297 771 Zoilus
328 740 526 783 aegrotat:
565 733 713 772 faciunt
743 735 844 772 hanc
875 735 1043 784 stragula
1073 735 1233 773 febrem.

221 798 251 836 si
282 798 396 836 fuerit
425 811 554 845 sanus,
587 798 750 837 coccina
779 799 875 849 quid
906 799 1079 838 facient?

168 863 263 913 quid
294 871 400 902 torus
429 877 452 902 a
482 863 586 911 Nilo,
619 864 716 914 quid
746 864 894 904 Sidone
925 864 1069 903 tinctus
1100 864 1250 903 olenti?

222 928 396 967 ostendit
425 930 562 968 stultas
593 929 689 979 quid
720 929 794 968 nisi
824 930 986 968 morbus
1016 932 1141 980 opes?

169 993 277 1042 Quid
307 993 377 1032 tibi
407 1007 497 1032 cum
528 994 721 1033 medicis?
759 994 914 1033 dimitte
945 996 1190 1033 Machaonas
1220 995 1359 1034 omnis.
1486 1010 1503 1041 5

223 1059 278 1097 vis
310 1058 391 1097 fieri
421 1060 572 1098 sanus?
611 1061 780 1110 stragula
809 1073 921 1098 sume
953 1073 1050 1098 mea.

666 1160 788 1197 XVII

170 1235 354 1274 Tonstrix
385 1235 562 1274 Suburae
591 1235 771 1274 faucibus
801 1236 912 1274 sedet
941 1235 1087 1286 primis,

171 1307 331 1338 eruenta
360 1301 536 1350 pendent
565 1314 643 1350 qua
672 1302 825 1351 flagella
854 1308 1045 1339 tortorum

171 1364 344 1414 Argique
374 1367 517 1404 Letum
548 1367 694 1404 multus
724 1365 880 1404 obsidet
910 1373 1028 1404 sutor.

171 1431 239 1469 sed
270 1429 343 1469 ista
372 1429 545 1476 tonstrix,
577 1430 801 1478 Ammiane‚
832 1428 913 1469 nori
943 1431 1092 1477 tondet,

172 1508 251 1533 non
282 1496 432 1542 tondet,
464 1495 637 1545 inquam.
698 1495 807 1544 Quid
837 1494 952 1545 igitur
980 1495 1101 1534 facit?
1159 1495 1290 1535 Radit.
1486 1513 1503 1543 5

656 1595 802 1633 XVIII

173 1672 301 1721 Capto
332 1678 450 1717 tuam,
483 1671 606 1720 pudet
635 1672 722 1718 heu,
755 1672 825 1710 sed
854 1678 982 1720 capto,
1016 1669 1201 1716 Maxime,
1233 1683 1384 1717 cenam,

226 1744 267 1774 tu
298 1744 432 1786 captas
461 1735 602 1774 aliam:
642 1736 719 1774 iam
750 1749 886 1774 sumus
916 1749 1008 1786 ergo
1037 1749 1160 1785 pares,

174 1814 289 1839 mane
318 1802 529 1839 salutatum
560 1801 687 1848 venio,
720 1809 761 1840 tu
791 1801 932 1840 diceris
962 1801 1038 1840 isse

225 1874 317 1904 ante
347 1868 585 1904 salutatum:
626 1867 703 1905 iam
734 1880 869 1906 sumus
899 1880 991 1917 ergo
1020 1880 1143 1917 pares.

174 1945 260 1969 sum
290 1945 424 1970 comes
454 1932 537 1982 ipse
567 1939 656 1970 tuus
687 1932 909 1982 tumidique
938 1932 1194 1971 anteambulo
1224 1930 1332 1981 regis,
1488 1946 1504 1977 5

228 2005 268 2035 tu
298 2010 432 2035 comes
462 1996 646 2035 alterius:
685 1997 762 2035 iam
793 2011 929 2036 sumus
959 2011 1050 2047 ergo
1080 2010 1202 2047 pareS.

178 2064 274 2100 Esse
304 2069 362 2100 sat
392 2069 450 2100 est
480 2075 647 2109 servum,
679 2062 757 2100 iam
787 2064 881 2101 nolo
911 2062 1076 2100 vicarius
1106 2075 1203 2100 esse.

229 2126 296 2177 qui
325 2141 390 2165 rex
420 2135 478 2165 est
507 2141 648 2178 regem,
684 2127 869 2175 Maxime,
901 2141 982 2166 non
1012 2128 1166 2165 habeat.

219 2229 299 2260 XVI
324 2231 398 2262 hab.
418 2230 447 2260 T
553 2241 571 2270 3
595 2231 688 2263 olent
707 2231 754 2262 CA
867 2244 885 2271 4
910 2232 985 2271 quis
1001 2231 1118 2261 ΑΑΒΑ
1138 2229 1211 2271 (sed
1223 2230 1279 2269 qui
1296 2229 1358 2268 PQ
1375 2234 1409 2259 ut
1426 2228 1503 2268 vid.)

176 2283 195 2312 5
220 2273 359 2304 demitte
375 2274 484 2305 BACA
502 2279 537 2306 ut
552 2275 614 2306 vid.
707 2285 792 2306 ones
812 2275 861 2307 CA
879 2281 957 2315 (pro
986 2281 1054 2313 oes‚
1076 2275 1095 2305 i.
1109 2285 1134 2306 e.
1155 2273 1285 2311 omnes)

220 2317 337 2348 XVIII
361 2328 411 2349 vv.
434 2328 504 2357 1—4‚
534 2320 596 2357 7—8
613 2319 686 2350 lzab.
712 2319 741 2350 T
864 2330 880 2357 7
905 2319 1044 2357 seruos
1166 2319 1186 2347 8
1210 2316 1354 2347 maxime
1370 2314 1507 2361 AABAf

178 2365 330 2398 postume
352 2360 400 2391 CA
418 2361 490 2401 (sed
505 2363 649 2392 maxime
669 2373 697 2393 v.
721 2373 747 2401 1⁷
769 2366 796 2393 et
814 2363 846 2392 ιἰι
865 2363 1021 2392 lenmzate
1036 2371 1082 2391 AD
1103 2362 1283 2401 MAXiMVM)
1305 2359 1399 2398 (sort.
1418 2362 1445 2387 el
1459 2358 1509 2387 lnc

177 2407 205 2433 et
221 2404 254 2433 in
273 2414 302 2435 v.
322 2414 336 2434 1
357 2404 517 2436 Postume
534 2416 603 2437 var.
623 2406 707 2436 lectio
723 2406 860 2447 antiqua
877 2407 959 2448 erat)
1379 2444 1416 2474 4³
