1684 2763
778 128 1246 168 EPIGRAMMATON
1282 130 1332 166 LI
1343 131 1383 167 B.
1420 131 1456 166 ΙΙ

239 239 390 277 Primus
421 246 458 277 te
487 239 578 277 licet
607 239 770 277 abluas:
810 253 971 278 necesse
1001 248 1058 278 est

235 313 326 343 ante
356 304 420 343 hic
450 306 625 343 mentula
654 318 773 354 quam
804 313 923 355 caput
952 307 1110 344 lavetur.
1442 324 1458 352 ,ς

613 399 748 436 LXXI

129 468 350 508 Candidius
381 469 477 507 nihil
508 476 566 507 est
596 476 644 515 te,
678 468 914 508 Caeciliane.
976 470 1132 512 Notavi,

181 533 212 572 si
243 535 405 584 quando
435 548 481 572 ex
511 534 652 573 nostris
683 534 851 573 disticha
881 548 1006 585 pauca
1036 537 1134 585 lego,

128 600 304 650 protinus
333 608 400 639 aut
431 601 552 639 Marsi
582 600 720 639 recitas
749 608 816 639 aut
845 601 988 652 scripta
1019 602 1174 641 Catulli.

182 667 258 704 hoc
288 665 384 704 mihi
414 667 495 713 das,
527 674 729 716 tamquam
760 666 953 705 deteriora
982 668 1098 717 legas,

131 739 172 770 ut
201 733 358 770 conlata
388 731 510 782 magis
541 733 722 782 placeant
753 734 877 770 mea?
929 732 1139 771 Credimus
1170 732 1300 770 istud:
1441 750 1456 778 5

182 798 286 835 malo
317 804 448 835 tamen
479 797 628 843 recites,
662 797 897 844 Caeciliane‚
931 805 1006 835 tua.

604 891 763 928 LXXII

131 962 328 999 Hesterna
357 962 503 998 factum
534 968 719 1007 narratur,
753 962 952 1007 Postume,
985 974 1082 999 cena

182 1027 290 1076 quod
320 1025 612 1075 nollem—quis
643 1025 748 1064 enim
779 1025 871 1063 talia
900 1027 1002 1064 facta
1031 1027 1171 1076 probet
1187 1029 1257 1064 ?——

127 1104 171 1130 os
200 1091 270 1129 tibi
299 1090 494 1141 percisum
525 1098 673 1141 quanto
704 1104 783 1129 non
814 1090 897 1141 ipse
929 1091 1091 1129 Latinus

181 1156 270 1194 vilia
301 1156 506 1194 Panniculi
536 1156 703 1206 percutit
733 1170 801 1194 ora
830 1170 955 1194 sono:

127 1222 316 1271 quodque
346 1221 468 1271 magis
499 1221 640 1259 mirum
672 1229 740 1268 est,
773 1229 974 1259 auctorem
1005 1221 1178 1260 criminis
1209 1221 1323 1260 huius
1441 1239 1458 1268 5

182 1286 399 1326 Caecilium
429 1294 513 1325 tota
542 1300 675 1325 rumor
704 1286 743 1324 in
774 1287 871 1325 urbe
901 1294 1025 1325 sonat.

129 1352 226 1389 Esse
256 1365 374 1401 negas
403 1353 575 1390 factum:
614 1351 670 1389 vis
700 1353 776 1390 hoc
806 1365 869 1390 me
899 1353 1090 1390 credere?
1128 1353 1257 1390 credo.

182 1416 291 1465 Quid
321 1418 430 1467 quod
460 1417 580 1455 habet
609 1424 737 1463 testes,
771 1419 970 1463 Postume,
1003 1416 1227 1456 Caecilius?

594 1511 775 1547 LXXIII

128 1580 237 1628 Quid
266 1579 382 1618 faciat
411 1581 491 1618 volt
521 1579 618 1618 scire
649 1579 781 1629 Lyris:
821 1581 929 1629 quod
959 1580 1111 1618 sobria:
1150 1581 1265 1618 fellat.

604 1675 778 1711 LXXIV

128 1743 314 1783 Cinctum
345 1743 485 1793 togatis
514 1752 604 1794 post
633 1752 671 1782 et
700 1752 791 1782 ante
821 1743 1037 1791 Saufeium,

128 1817 275 1858 quanta
304 1809 437 1847 reduci
470 1811 644 1859 Regulus
675 1811 773 1847 solet
803 1809 927 1855 turba,

126 1875 178 1912 ad
205 1876 283 1912 alta
313 1882 470 1913 tonsum
501 1876 649 1924 templa
678 1888 767 1913 cum
798 1888 907 1912 reum
938 1874 1052 1920 misit,

131 1940 321 1986 Materne,
355 1939 509 1977 cernis?
548 1939 722 1978 invidere
752 1940 886 1978 nolito.

128 2004 336 2042 comitatus
365 2004 437 2043 iste
466 2004 514 2042 sit
544 2018 681 2054 precor
708 2012 798 2043 tuus
828 2018 1056 2054 numquam.

175 2108 269 2138 LXX
294 2118 313 2147 5
337 2108 468 2138 lauatur
486 2108 534 2138 CA

172 2152 285 2182 LXXI
319 2152 392 2182 lmb.
418 2151 447 2180 T
626 2162 639 2182 1
665 2152 823 2191 gallidius
846 2152 874 2181 T
901 2152 976 2191 (pro
1003 2152 1118 2190 call.):
1151 2152 1327 2182 candidius
1352 2152 1459 2182 BACA

130 2204 148 2224 2
172 2194 247 2233 lego
265 2195 402 2225 AABA:
426 2194 512 2234 legis
531 2195 579 2225 CA
712 2205 730 2233 5
755 2197 888 2234 placeat
908 2195 956 2225 CA
1043 2196 1132 2226 istud
1150 2196 1281 2226 AACA:
1308 2196 1388 2226 illud
1407 2195 1459 2225 BA

175 2239 304 2268 LXXII
331 2239 402 2268 1ιαῖ).
421 2239 462 2276 Τ;
481 2249 530 2269 vv.
548 2238 737 2270 I-2l1ab,R
783 2251 800 2278 4
817 2239 904 2269 Vilia
914 2239 972 2279 <Li
986 2239 1459 2279 velTulialklli-*J(PQfFJBA

175 2282 323 2312 LXXIII
349 2283 459 2312 sobria
476 2282 529 2311 BA
546 2294 552 2313 z
576 2282 674 2313 sortia
693 2283 741 2313 CA
838 2281 949 2322 <Quid
966 2283 1064 2312 faciat
1082 2293 1118 2312 se
1135 2283 1221 2312 scire
1240 2283 1341 2321 Lyris
1358 2288 1458 2321 negat

129 2324 222 2355 ebria
245 2325 412 2367 semper.)
459 2325 547 2363 Quid
573 2330 623 2356 etc.
646 2325 790 2357 Mauro:
825 2326 915 2356 fellat
937 2325 1122 2367 <Gaudeot
1158 2327 1236 2365 quid
1256 2326 1356 2356 saciet
1376 2330 1456 2363 g-es)

130 2368 221 2398 ebria
238 2369 325 2398 sacta
346 2368 443 2410 Lyris
455 2369 486 2410 Ζ)
503 2369 576 2399 Ital.

176 2412 321 2441 LXXIV
346 2422 364 2441 2
389 2413 550 2442 reducere
567 2412 621 2442 BA

175 2465 280 2484 MART.
302 2465 354 2486 Ep,
1353 2455 1372 2483 5
