1684 2763
290 467 354 515 M.
409 467 567 515 VAL,
621 467 1034 515 MARTIALIS

357 595 966 643 EPIGRAMMATON

568 737 739 773 LIBER
778 737 814 773 V

687 870 704 906 I

135 971 229 1007 Hoc
260 968 341 1016 tibi,
375 969 572 1006 Palladiae
603 982 670 1006 seu
702 968 868 1006 collibus
900 968 1018 1006 uteris
1048 970 1186 1017 Albae,

186 1036 341 1080 Caesar,
373 1041 410 1071 et
439 1034 532 1071 hinc
562 1033 734 1070 Triviam
765 1033 969 1083 prospicisJ
1000 1033 1092 1072 inde
1122 1035 1280 1082 Thetin,

133 1113 201 1137 seu
232 1107 298 1136 tua
327 1098 521 1137 veridicae
552 1098 709 1136 discunt
739 1111 928 1148 responsa
958 1112 1120 1146 sorores,

186 1166 303 1213 plana
332 1163 548 1202 suburbani
578 1177 655 1213 qua
685 1164 804 1201 cubat
834 1165 941 1201 unda
970 1163 1067 1211 freti,

135 1243 202 1266 seu
234 1230 361 1278 placet
390 1231 551 1267 Aeneae
581 1228 709 1266 nutrix
739 1242 807 1267 seu
839 1228 917 1267 filia
947 1228 1048 1267 Solis

187 1294 267 1332 sive
297 1294 503 1332 salutiferis
533 1293 726 1332 candidus
757 1295 893 1331 Anxur
921 1293 1044 1343 aquis,

135 1358 336 1406 mittimus,
368 1373 391 1397 o
421 1373 549 1397 rerum
580 1357 669 1397 felix
699 1360 820 1396 tutela
850 1359 1043 1408 salusque,

186 1424 332 1473 sospite
362 1437 441 1473 quo
470 1432 622 1474 gratum
653 1423 849 1462 credimus
879 1437 964 1462 esse
995 1425 1143 1462 Iovem.

134 1498 174 1527 tu
207 1498 359 1527 tantum
389 1489 584 1539 accipias:
625 1502 698 1539 ego
728 1497 766 1527 te
796 1488 934 1538 legisse
965 1489 1113 1539 putabo

187 1563 223 1592 et
254 1554 428 1593 tumidus
460 1555 573 1592 Galla
603 1553 833 1592 credulitate
863 1555 974 1591 fruar.
1320 1583 1325 1589 .
1430 1572 1468 1594 10

669 1660 710 1696 ΙΙ

244 1743 450 1779 Matronae
481 1740 670 1791 puerique
700 1740 959 1791 virginesque,

242 1803 352 1841 vobis
383 1803 525 1853 pagina
554 1811 688 1841 nostra
716 1803 931 1841 dedicatur.

242 1874 294 1912 tu,
327 1879 446 1915 quem
476 1865 676 1915 nequitiae
705 1865 951 1915 procaciores

240 1932 438 1969 delectant
467 1930 633 1968 nimium
664 1932 842 1980 salesque
872 1930 980 1977 nudi,

238 1986 405 2034 'lascivos
435 1997 519 2046 lege
550 2004 734 2046 quattuor
762 1996 941 2034 libellos:
1448 2015 1464 2043 5

241 2060 401 2110 quintus
431 2074 519 2099 cum
551 2061 717 2099 domino
747 2061 844 2099 liber
873 2061 1051 2108 iocaturg

242 2138 359 2174 quem
391 2125 649 2164 Germanicus
679 2139 745 2164 ore
775 2139 855 2164 non
885 2125 1039 2164 rubenti

241 2203 371 2228 coram
403 2190 596 2240 Cecropia
624 2192 726 2241 legat
755 2192 895 2240 puella.

180 2292 191 2321 1
217 2292 289 2323 hab.
315 2293 362 2330 T,-
385 2304 433 2324 vv.
454 2293 516 2332 728
531 2293 603 2324 lzab.
624 2293 657 2322 R
750 2304 763 2323 1
791 2294 875 2324 haec
892 2292 973 2322 AA:
999 2294 1062 2324 hoc
1079 2293 1186 2324 ΒΑΕἊ
1306 2293 1463 2333 pallidiac

140 2335 216 2373 istie)
235 2336 293 2365 ΑΛ
306 2336 360 2365 ΒΑ
492 2347 510 2366 2
535 2337 646 2366 thitim
666 2336 711 2367 CA
845 2349 864 2375 4
890 2337 990 2376 plena
1013 2337 1042 2366 T
1163 2338 1183 2366 8
1207 2338 1399 2375 quaerimus
1417 2337 1462 2367 CA

136 2378 166 2407 II
192 2379 213 2407 6
230 2378 358 2409 iocatur
370 2378 470 2410 Ima:
489 2381 618 2410 iocetur
627 2380 679 2410 ΒΑ
697 2391 704 2411 :
722 2385 863 2411 uocatur
875 2380 922 2413 CA
938 2382 1016 2421 <pro
1030 2380 1109 2420 ἰοὺ)
1167 2381 1186 2409 8
1211 2381 1400 2419 cecropiam
1417 2380 1461 2410 (Ἃ
