1684 2763
731 143 1204 182 EPIGRAMMATON
1238 144 1342 181 LIB.
1377 145 1412 180 X

85 270 108 294 a
137 263 186 303 te,
220 257 384 302 Munna,
416 256 545 295 venit:
584 255 734 294 miseris
764 263 805 293 tu
835 255 956 293 mittis
985 256 1121 294 amicis

139 334 208 370 per
236 322 342 367 freta,
373 334 442 370 per
470 322 605 371 longas
635 320 764 358 toxica
792 333 907 359 saeva
936 320 1016 358 vias
1031 336 1040 368 3

88 399 161 424 nec
190 385 292 424 facili
321 385 446 435 pretio
475 387 545 424 sed
575 399 655 436 quo
685 392 872 424 contenta
903 385 1054 424 Falerni
1404 402 1419 432 5

140 457 240 489 testa
269 450 317 488 sit
345 458 412 488 aut
441 450 548 489 cellis
578 450 683 490 Setia
711 464 800 489 cara
829 450 919 489 suis.

90 517 183 554 Non
212 515 345 554 venias
374 529 494 565 quare
523 523 603 554 tam
633 517 752 566 longo
782 523 960 565 tempore
992 517 1162 554 Romam

142 581 240 619 haec
269 588 366 631 puto
395 594 514 619 causa
541 580 613 619 tibi
643 588 710 627 est,
743 594 793 619 ne
823 588 890 619 tua
918 580 1008 619 vina
1038 580 1160 619 bibas.

546 653 748 689 XXXVII

92 716 191 755 Iuris
221 724 259 755 et
287 730 501 766 aequarum
532 719 657 755 cultor
686 716 931 755 sanctissime
960 718 1102 767 legum,

144 780 318 819 veridico
349 781 506 820 Latium
536 782 603 831 qui
633 781 732 831 regis
763 795 829 820 ore
858 783 997 829 forum,

93 845 293 896 municipi,
327 847 519 893 Materne,
551 854 619 885 tuo
648 847 848 897 veterique
878 846 1003 885 sodali

146 911 365 950 Callaicum
396 913 560 949 mandas
590 911 621 949 si
651 911 746 961 quid
775 913 827 950 ad
858 912 1132 951 Oceanum—.

94 978 158 1014 An
190 977 432 1014 Laurentino
461 976 583 1025 turpis
612 976 652 1014 in
682 976 794 1015 litore
823 990 936 1015 ranas
1408 993 1424 1023 5

147 1049 186 1079 et
215 1041 335 1079 satius
365 1048 503 1079 tenues
533 1042 677 1080 ducere
707 1042 833 1080 credis
862 1055 955 1080 aeos

94 1107 144 1145 ad
174 1119 244 1144 sua
272 1105 470 1156 captivum
500 1119 620 1156 quam
649 1120 741 1145 saxa
769 1107 966 1145 remittere
995 1108 1172 1152 mullum,

148 1170 252 1209 visus
282 1171 353 1209 erit
380 1171 487 1210 libris
517 1171 742 1221 quiffrminor
770 1185 856 1210 esse
885 1171 1039 1210 tribus?

96 1244 134 1274 et
163 1237 310 1274 fatuam
340 1250 495 1274 summa
524 1250 664 1275 cenare
693 1237 870 1287 pelorida
899 1250 1036 1275 mensa

149 1314 329 1352 quosque
358 1301 452 1350 tegit
479 1301 554 1339 levi
583 1301 728 1340 cortice
756 1303 910 1340 concha
938 1302 1066 1340 brevis
1394 1316 1432 1338 10

97 1374 226 1405 ostrea
256 1365 413 1404 Baianis
443 1379 562 1416 quam
592 1379 673 1404 non
702 1366 861 1404 liventia
891 1366 1010 1413 testis,

152 1445 254 1482 quae
283 1431 448 1470 domino
477 1431 587 1482 pueri
617 1445 697 1470 non
727 1431 962 1481 prohibente
992 1433 1157 1469 vorent?

99 1497 164 1535 hic
193 1496 340 1535 olidam
370 1498 567 1535 clamosus
596 1510 687 1546 ages
717 1496 757 1534 in
786 1496 882 1535 retia
911 1498 1068 1546 volpem

154 1561 431 1611 mordebitque
461 1568 549 1599 tuos
578 1561 738 1600 sordida
766 1563 913 1611 praeda
945 1575 1086 1600 canes:

101 1626 179 1664 illic
209 1626 366 1676 piscoso
400 1627 522 1664 modo
551 1625 613 1663 vix
643 1627 786 1664 educta
815 1627 1014 1675 profundo
1396 1640 1434 1673 15

156 1691 360 1742 inpedient
390 1693 542 1741 lepores
572 1691 708 1730 umida
738 1691 817 1729 lina
846 1705 1026 1730 meos.—

106 1759 214 1796 Dum
243 1758 385 1807 loquor
413 1770 506 1805 ecce
535 1756 635 1795 redit
665 1764 797 1807 sporta
826 1757 996 1807 piscator
1026 1756 1144 1803 inani,

158 1829 320 1860 venator
350 1829 464 1872 capta
493 1823 620 1860 maele
650 1822 841 1872 superbus
871 1823 1006 1860 adest:

107 1887 235 1926 omnis
264 1887 314 1925 ab
345 1887 497 1925 urbano
526 1887 633 1925 venit
661 1888 712 1926 ad
742 1900 848 1925 mare
878 1901 976 1926 cena
1006 1888 1183 1925 macello.

161 1953 379 1992 Callaicum
409 1952 575 1990 mandas
604 1951 635 1989 si
665 1951 761 2002 quid
790 1953 841 1990 ad
871 1952 1144 1991 Oceanum—.
1400 1967 1439 1989 20

1175 2022 1190 2040 δ

151 2067 170 2094 4
193 2066 297 2086 saeua
312 2055 367 2085 ΒΑ
382 2065 388 2084 :
413 2056 492 2085 uina
511 2054 560 2085 CA
656 2064 736 2085 suas
751 2055 801 2085 CA
818 2060 890 2095 (pro
905 2055 988 2096 iuas,
1007 2056 1025 2086 i.
1039 2066 1061 2087 e.
1082 2056 1155 2085 uias
1168 2056 1194 2091 ἲ)
1329 2056 1350 2084 6
1373 2054 1438 2085 sint

109 2099 248 2131 aueellis
265 2104 354 2130 tecta
371 2109 399 2130 e.
416 2109 443 2129 s.
463 2098 511 2129 CA
646 2099 666 2128 8
689 2099 765 2140 tibi]
784 2103 839 2129 tua
858 2099 906 2129 CA
1123 2098 1292 2129 XXXVII
1319 2108 1338 2128 2
1362 2099 1440 2128 uiri-

110 2143 184 2174 dico
202 2143 297 2182 (ἰωὴ
317 2142 366 2172 CA
463 2152 483 2180 3
507 2141 676 2181 municipii
694 2142 744 2172 CA
842 2144 862 2172 6
885 2152 967 2173 aeus
983 2141 1061 2173 BA:
1085 2152 1164 2172 aeos
1182 2141 1231 2172 CA
1321 2152 1338 2180 7
1363 2151 1440 2180 cap-

110 2187 200 2218 tiuos
219 2185 268 2216 CA
357 2186 376 2215 8
400 2185 510 2216 minus
528 2185 600 2217 BA:
626 2186 736 2216 minor
753 2185 802 2216 CA
889 2196 910 2225 9
935 2187 1061 2216 fatuum
1078 2185 1133 2215 BA
1224 2195 1264 2215 10
1287 2195 1440 2224 quosque

109 2230 186 2261 BA:
211 2238 343 2268 quoque
363 2228 433 2259 CA:
457 2229 615 2268 quodque
633 2228 679 2259 ed.
699 2241 727 2260 α.
751 2239 832 2267 1473
922 2229 1003 2268 legit
1023 2229 1071 2259 CA
1094 2229 1208 2269 (Lpro
1224 2228 1266 2267 T)
1402 2239 1436 2258 11

110 2273 248 2304 libentia
265 2271 354 2302 codd.
377 2272 410 2311 (i.
425 2282 449 2303 e.
470 2272 542 2311 liv-)
669 2282 708 2311 13
732 2273 952 2303 Cholchidam
972 2273 1066 2312 4C0-)
1087 2272 1135 2303 CA
1154 2277 1225 2311 [pro
1239 2272 1289 2301 Hc
1304 2271 1437 2306 olidam,

110 2318 130 2348 i.
145 2328 172 2348 e.
188 2316 243 2346 hic
261 2316 306 2353 ο.)
425 2325 462 2354 17
487 2316 580 2346 uenit
596 2315 669 2347 BA:
696 2316 789 2346 redit
803 2315 852 2346 CA
967 2322 1063 2356 porta
1082 2316 1176 2356 (EA)
1195 2315 1244 2345 vel
1257 2320 1372 2353 sporta
1391 2314 1440 2345 CA

114 2362 154 2391 18
180 2364 278 2400 capto
300 2358 375 2388 BA:
399 2363 496 2397 capta
521 2358 570 2389 CA
673 2360 781 2389 maele
805 2358 1017 2390 Salmasius:
1043 2360 1129 2390 male
1153 2358 1210 2389 BA
1235 2359 1350 2397 ¹&melle
1376 2358 1442 2396 Qi:

113 2408 223 2435 meate
238 2401 286 2433 CA
298 2401 410 2442 (Tpro
425 2401 465 2442 L)
559 2412 598 2441 19
614 2403 745 2433 macelli
761 2403 809 2433 CA
898 2413 939 2433 20
956 2403 1062 2433 aridas
1076 2402 1169 2443 (EA)
1184 2402 1233 2432 vel
1243 2402 1380 2431 mandas
1395 2400 1443 2432 CA

159 2467 266 2489 MART.
284 2465 334 2486 ΕΡ.
1317 2456 1356 2484 19
