1684 2715
255 101 310 138 M.
343 102 464 139 VAL.
498 102 812 143 MARTIALIS

201 213 296 251 illud
326 215 435 263 quod
465 214 641 253 medium
672 223 730 254 est
758 224 877 266 atque
907 217 1007 256 inter
1035 226 1247 269 utrumque
1276 221 1511 270 probamus:

253 292 326 316 nec
356 280 446 318 volo
476 281 584 329 quod
614 280 761 319 cruciat
790 295 863 321 nec
893 284 983 321 volo
1012 286 1121 334 quod
1151 284 1273 323 satiat.

687 364 827 402 LVIII

202 424 313 463 Milia
342 439 413 475 pro
442 440 565 477 puero
595 435 755 467 centum
786 442 849 467 me
879 443 1022 480 mango
1051 431 1257 481 poposcit:

253 489 315 528 risi
346 505 430 541 ego,
463 493 532 530 sed
563 493 748 532 Phoebus
778 494 956 544 protinus
986 495 1051 534 illa
1079 497 1200 535 dedit.

201 557 276 593 boc
305 557 413 595 dolet
443 565 480 595 et
510 558 684 607 queritur
712 560 763 597 de
793 573 856 598 me
886 574 974 598 mea
1004 563 1180 600 mentula
1208 575 1342 601 secum

254 622 512 671 laudaturque
543 636 671 661 meam
703 625 889 662 Phoebus
919 625 958 662 in
989 625 1188 665 invidiam.

202 687 270 723 sed
301 686 562 725 sestertiolum
594 688 756 726 donavit
787 691 962 728 mentula
992 692 1158 729 Phoebo

255 751 313 789 bis
343 751 500 790 decies:
545 754 622 791 hoc
651 754 702 791 da
731 761 772 791 tu
803 754 909 801 mihi,
941 755 1061 805 pluris
1091 770 1233 795 emam.

712 837 807 874 LIX

207 901 280 936 Dat
313 899 460 937 Baiana
490 899 585 937 mihi
616 901 854 949 quadrantes
883 904 1058 951 sportula
1087 912 1259 942 centum.

255 963 353 1002 inter
382 964 543 1002 delicias
572 964 669 1014 quid
699 965 790 1004 facit
820 966 893 1004 ista
921 968 1077 1006 fames?

203 1030 321 1067 redde
353 1029 453 1079 Lupi
484 1029 599 1067 nobis
628 1031 917 1081 tenebrosaque
948 1032 1088 1071 balnea
1118 1034 1263 1083 Grylli:

256 1103 333 1132 tam
366 1096 467 1133 male
497 1109 586 1133 cum
617 1108 768 1143 cenem,
800 1110 868 1134 cur
897 1097 1010 1144 bene,
1044 1100 1194 1147 Flacce,
1227 1101 1362 1138 laver?

724 1179 794 1215 LX

206 1243 330 1279 Intres
359 1243 489 1291 ampla
519 1242 610 1280 licet
640 1243 737 1280 torvi
768 1245 878 1293 lepus
908 1257 976 1282 ora
1005 1245 1141 1292 leonis,

256 1320 340 1344 esse
370 1314 501 1345 tamen
532 1321 656 1346 vacuo
686 1321 728 1346 se
757 1310 819 1347 leo
848 1310 968 1348 dente
997 1318 1118 1360 putat.

203 1373 309 1421 quod
340 1380 423 1410 ruet
454 1372 491 1409 in
523 1380 672 1422 tergum
704 1375 763 1412 vel
793 1388 893 1423 quos
924 1376 1157 1424 procumbet
1188 1377 1225 1414 in
1256 1390 1397 1425 armos,

255 1438 332 1475 alta
362 1437 617 1476 iuvencorum
648 1441 807 1477 volnera
838 1441 928 1489 figet
958 1440 1056 1479 ubi?

202 1501 296 1550 quid
327 1503 465 1540 frustra
495 1516 700 1541 nemorum
731 1504 938 1542 dominum
970 1519 1181 1556 regemque
1211 1506 1378 1556 fatigas?

256 1580 334 1605 non
366 1567 439 1605 nisi
469 1569 622 1606 delecta
652 1568 823 1618 pascitur
852 1569 916 1608 ille
946 1571 1034 1608 fera.

714 1652 806 1688 LXI

206 1716 359 1751 Verona
389 1714 494 1752 docti
526 1715 693 1763 syllabas
722 1723 827 1753 amat
858 1716 966 1762 vatis,

258 1780 424 1816 Marone
453 1778 543 1816 felix
575 1780 742 1816 Mantua
772 1788 841 1826 est,

202 1851 382 1881 censetur
411 1843 543 1893 Aponi
575 1843 687 1882 Livio
716 1858 788 1883 suo
818 1846 931 1883 tellus

256 1910 454 1957 Stellaque
484 1922 558 1947 nec
589 1910 732 1947 Flacco
762 1909 903 1956 minus,

204 1975 447 2023 Apollodoro
477 1973 627 2023 plaudit
656 1973 829 2012 imbrifer
858 1974 984 2022 Nilus,
1515 1995 1532 2024 5

257 2040 417 2077 Nasone
450 2039 621 2088 Paeligni
652 2048 805 2086 sonant,

248 2126 338 2155 LVII
376 2135 395 2164 3
428 2127 609 2165 probamus
636 2125 774 2156 AABA:
814 2127 975 2165 probatur
1001 2127 1049 2157 CA
1076 2127 1278 2168 Anthologm
1304 2127 1525 2159 Salmasz'ana

203 2181 219 2207 4
245 2170 334 2207 quod
352 2170 451 2199 satiet
469 2193 475 2199 .
496 2193 504 2200 .
528 2193 533 2199 .
553 2170 641 2209 quod
659 2170 785 2200 cruciet
802 2170 906 2201 Anth.
926 2169 1072 2201 Salmas.

248 2213 356 2242 LVIII
381 2223 401 2251 3
426 2213 517 2243 dolet
536 2214 598 2244 hoc
617 2224 690 2243 mea
708 2224 750 2243 m.
768 2224 897 2244 mecum
915 2213 992 2244 BA:
1016 2214 1058 2244 de
1074 2223 1127 2244 me
1145 2224 1219 2244 mea
1237 2224 1279 2245 m.
1299 2224 1411 2245 secum
1432 2215 1481 2245 CA

247 2256 326 2286 LIX
350 2257 421 2286 lmb.
448 2256 476 2286 T
647 2267 660 2286 1
687 2257 809 2287 baiona
829 2257 857 2287 T
939 2258 1126 2296 quadrante
1146 2257 1193 2288 CA
1368 2268 1388 2297 3
1414 2263 1486 2289 rete
1509 2258 1538 2288 T

203 2299 266 2329 luci
287 2299 335 2329 CA
466 2311 484 2338 4
510 2299 604 2330 Iauer
620 2300 680 2329 ΑΛ
699 2308 766 2339 t-es
789 2301 833 2339 T)
852 2312 859 2330 :
883 2301 978 2331 Iauor
995 2301 1102 2340 (-bor)
1123 2300 1231 2331 BACA

248 2343 308 2373 LX
333 2353 352 2382 5
376 2343 546 2373 dominum
565 2353 737 2374 nemorum
754 2344 826 2376 BA:
854 2354 1027 2375 nemorum
1046 2345 1217 2375 dominum
1238 2344 1286 2375 CA

248 2386 325 2417 LXI
357 2397 368 2416 1
396 2387 504 2417 doctis
520 2397 547 2417 s.
566 2392 688 2417 marnat
705 2388 761 2418 BA
892 2398 912 2426 3
935 2387 1037 2427 aponi
1060 2387 1138 2418 BA:
1173 2398 1285 2428 apono
1307 2388 1379 2419 CA:
1412 2388 1533 2428 Apona

202 2430 277 2462 Ital.
411 2439 430 2469 5
455 2430 583 2470 plaudit
600 2430 656 2460 BA
672 2442 679 2462 ;
702 2431 827 2470 gaudet
846 2430 894 2461 CA
1533 2445 1536 2448 ’
