1684 2763
182 153 237 190 M.
270 152 392 189 VAL.
425 152 468 188 M
475 150 739 188 ARTIALIS

665 262 809 300 XCIII

292 347 382 394 Qua
411 344 623 382 moechum
652 342 802 381 ratione
832 342 999 380 basiaret

291 423 423 448 coram
453 408 620 458 coniuge
649 407 817 458 repperit
848 407 1023 445 Labulla.

292 487 454 524 parvum
484 473 610 512 basiat
638 486 763 522 usque
792 472 1039 519 morionem,-

292 540 399 577 hunc
428 538 560 576 multis
589 537 688 587 rapit
717 536 861 575 osculis
892 538 1117 575 madentem

294 605 483 642 moechus
513 603 689 653 protinus
719 609 756 640 et
786 601 864 639 suis
894 603 1084 650 repletum

294 668 434 706 ridenti
465 667 650 706 dominae
679 666 810 704 statim
839 666 1011 704 remittit.

295 736 457 783 Quanto
486 732 611 770 morio
641 732 764 770 maior
793 740 850 770 est
880 731 1065 769 maritus!

671 832 809 869 XCIV

188 910 464 948 Scribebamus
494 922 614 958 epos3
652 907 816 957 coepisti
844 906 1039 945 scribere:
1082 906 1192 947 cessi,

242 975 397 1012 aemula
426 987 475 1012 ne
505 981 650 1011 starent
679 972 852 1010 carmina
882 980 1014 1010 nostra
1043 971 1129 1009 tuis.

191 1039 383 1078 transtulit
412 1040 463 1077 ad
492 1038 657 1088 tragicos
688 1052 729 1075 se
759 1045 891 1076 nostra
920 1036 1061 1075 Thalia
1090 1038 1329 1075 cothurnos:

244 1104 385 1155 aptasti
414 1106 575 1153 longum
606 1112 646 1141 tu
677 1116 836 1152 quoque
866 1116 993 1152 syrma
1022 1102 1103 1139 tibi.

192 1172 254 1208 fila
284 1171 385 1219 lyrae
416 1168 519 1207 movi
550 1167 726 1207 Calabris
755 1169 908 1206 exculta
937 1167 1147 1206 Camenis:
1503 1180 1519 1210 5

246 1234 392 1282 plectra
421 1231 522 1281 rapis
551 1230 677 1277 nobis,
708 1230 927 1276 ambitiose,
960 1243 1072 1268 nova.

192 1299 384 1336 audemus
415 1305 588 1334 saturas:
633 1295 806 1333 Lucilius
836 1309 921 1333 esse
950 1296 1114 1333 laboras.

247 1363 342 1400 ludo
371 1361 466 1399 levis
495 1363 648 1410 elegos:
690 1368 730 1397 tu
761 1373 920 1409 quoque
950 1360 1052 1397 ludis
1082 1359 1198 1397 idem.

194 1426 288 1476 quid
320 1426 448 1464 minus
479 1439 563 1464 csse
592 1427 751 1475 potest?
790 1424 1071 1474 epigrammata
1101 1425 1244 1473 fingere
1274 1422 1412 1473 coepi:

248 1491 339 1529 hinc
369 1491 485 1530 etiam
516 1491 660 1541 petitur
689 1491 765 1528 iam
797 1503 884 1528 mea
914 1491 1043 1539 palma
1073 1489 1153 1527 tibi.
1486 1503 1523 1525 10

197 1557 306 1606 Elige
335 1556 431 1606 quid
461 1556 706 1605 nolis—quis
735 1555 840 1594 enim
870 1556 998 1605 pudor
1027 1554 1160 1592 omnia
1189 1555 1287 1592 velle
1303 1555 1372 1591 Ρ-

248 1632 284 1660 et
316 1622 346 1660 si
376 1622 471 1671 quid
502 1635 582 1659 non
611 1621 679 1667 vis,
711 1623 859 1669 Tucca,
888 1620 1063 1670 relinque
1094 1619 1199 1657 mihi.

695 1721 807 1759 XCV

307 1797 460 1835 Musaei
491 1796 780 1846 pathicissimos
810 1795 972 1841 libellos,

306 1863 373 1912 qui
402 1869 551 1899 certant
581 1860 804 1910 Sybariticis
834 1860 984 1906 libellis,

245 1966 360 1996 XCIII
385 1976 403 1995 2
429 1966 549 1996 sabulla
574 1965 629 1994 ΒΑ
654 1965 725 2005 (sed
745 1966 778 1994 in
805 1964 918 1995 lcmm.
939 1973 975 1993 1N
995 1976 1009 1991 Ἃ
1028 1977 1043 1990 ›3‹
1063 1973 1214 2003 mmmm,
1241 1973 1320 1994 corr.
1351 1972 1436 2001 mix,
1459 1961 1499 1991 L‘:
1519 1973 1525 1990 ι

199 2010 320 2040 labulla
339 2010 387 2041 CA
405 2011 456 2049 (ts.
473 2009 519 2040 ad
535 2009 590 2039 IV.
611 2009 655 2047 ix,
673 2008 753 2045 XII.
776 2009 893 2039 lxxxvi
1031 2018 1050 2045 4
1074 2007 1180 2037 oculis
1197 2010 1232 2036 ut
1252 2006 1314 2036 vid.
1338 2005 1387 2036 CA
1506 2014 1524 2043 5

201 2053 374 2093 proximus
389 2053 443 2082 ΒΑ
461 2065 467 2083 ;
502 2052 656 2091 protinus
675 2052 724 2082 CA
813 2051 964 2090 repletur
982 2051 1030 2082 CA
1257 2049 1371 2079 XCIV
1393 2049 1466 2079 hab.
1502 2047 1531 2077 T

202 2108 221 2127 2
246 2097 311 2127 tuis
328 2096 444 2126 ΑΛΒΑ
461 2107 468 2126 :
494 2097 540 2126 tui
560 2095 608 2125 CA
733 2106 752 2134 3
776 2095 833 2134 ad]
853 2100 889 2124 ut
909 2095 937 2124 T
1022 2094 1220 2134 cothurnos]
1255 2103 1359 2124 cornu
1393 2092 1442 2123 CA
1460 2091 1530 2130 gsed

201 2145 364 2171 coturnos
379 2138 429 2177 X)
585 2149 603 2178 5
630 2139 771 2169 calabris
795 2138 875 2168 AA:
911 2138 1019 2169 docti5
1044 2137 1150 2168 ΒΑΕΔ
1296 2138 1317 2166 6
1340 2145 1462 2165 nouem
1501 2135 1531 2165 Τ

201 2195 221 2222 9
246 2189 346 2223 potes
377 2183 490 2213 AACA
507 2195 513 2213 ε
540 2188 652 2222 potest
670 2182 725 2211 BA
812 2182 942 2221 fingere
960 2182 1056 2220 coepi
1076 2181 1157 2211 ΑΑε
1181 2180 1331 2211 scribere
1350 2178 1463 2219 (LQf)
1480 2178 1529 2208 vel

203 2228 332 2266 fingere
356 2227 415 2267 (P)
435 2227 531 2265 coepi
548 2226 603 2255 BA
619 2238 625 2256 :
649 2227 791 2265 pingere
808 2226 917 2264 possis
935 2225 982 2255 CA
1000 2227 1083 2264 (pro
1100 2225 1195 2264 fing.)
1212 2223 1339 2265 (poscis
1353 2222 1394 2262 G)
1488 2232 1526 2251 10

205 2281 256 2300 me
274 2271 329 2300 BA
440 2270 549 2309 palma
578 2270 658 2300 ΑΑε
684 2270 771 2299 fama
787 2268 841 2298 BA
867 2269 988 2306 isorma
1006 2269 1048 2298 Li
1071 2267 1119 2297 CA
1232 2277 1267 2297 11
1295 2266 1375 2306 quid
1391 2264 1524 2295 AACA:

203 2315 293 2353 quod
311 2314 366 2344 ΒΑ
470 2315 559 2344 enim
580 2313 671 2353 (ΡΩ)
690 2313 740 2343 vel
753 2312 843 2343 enirn
861 2319 912 2343 est
932 2311 1011 2351 <Lf)
1030 2311 1086 2340 BA
1433 2308 1527 2338 XCV

204 2369 251 2388 vv.
272 2367 333 2396 3—7
352 2357 425 2388 lmh.
451 2357 479 2387 T
546 2368 571 2396 1,
592 2368 610 2386 2
636 2361 756 2396 tmmsp.
776 2356 829 2386 ΒΑ
966 2366 978 2385 1
1008 2354 1137 2385 Musaei
1155 2353 1254 2384 Ital.:
1278 2352 1421 2383 Musseti
1440 2351 1526 2392 (Mu-

203 2402 283 2432 setis
301 2400 345 2441 L)
363 2400 451 2431 codd.
