1684 2763
792 158 1259 198 EPIGRAMMATON
1297 161 1395 198 LIB.
1433 162 1487 197 IX

159 284 250 308 ecce
284 268 505 308 Ptomcthei
537 281 652 318 rupes
682 275 720 305 et
750 267 882 305 fabula
916 268 1060 306 montis

213 348 330 385 quam
361 347 483 385 prope
513 340 603 372 sunt
633 331 757 371 oculis
788 346 893 371 nunc
923 334 1107 372 adeunda
1138 334 1238 372 tuis!

161 400 300 438 videris
331 398 518 438 inmensis
548 411 637 436 cum
669 398 916 435 conclamata
951 398 1118 447 querelis

213 478 303 503 saxa
332 464 445 511 senis,
479 463 586 502 dices
620 462 789 501 ‘Durior
818 461 901 512 ipse
930 462 1026 501 fuit.'

159 537 196 567 et
226 529 316 568 licet
346 530 443 567 haec
473 529 622 567 addas:
666 527 821 566 ‘Potuit
850 527 917 578 qui
948 527 1039 566 talia
1068 530 1176 575 ferre,

214 596 430 632 humanum
462 593 600 632 merito
631 593 792 631 finxerat
822 592 885 631 ille
913 595 1062 642 genus.'

645 676 779 713 XLVI

163 740 312 779 Gellius
341 740 523 779 aedificat
553 753 732 790 semper:
773 741 894 779 modo
925 740 1058 779 limina
1088 742 1209 791 ponit,

216 819 321 844 nunc
351 805 499 843 foribus
530 806 657 843 claves
686 812 795 855 aptat
825 805 999 855 emitque
1029 819 1144 853 seras,

162 884 267 910 nunc
298 873 377 917 has,
411 883 516 908 nunc
546 870 629 908 illas
659 870 782 908 reficit
812 878 1015 920 mutatque
1044 872 1256 910 fenestras:

216 938 311 974 dum
342 943 495 973 tantum
524 935 717 982 aedificet,
749 935 943 985 quidlibet
973 935 1036 974 ille
1066 937 1167 983 facit,

163 1000 287 1039 oranti
317 1013 501 1039 nummos
531 1007 573 1038 ut
603 999 732 1038 dicere
762 999 885 1050 possit
913 1000 1042 1039 amico

217 1078 339 1103 unum
370 1065 466 1103 illud
496 1065 658 1103 verbum
691 1064 840 1103 Gellius
873 1065 1104 1104 ‘Aedifico'

637 1148 796 1185 XLVII

168 1213 426 1260 Democritos,
459 1214 640 1251 Zenonas
670 1212 997 1264 inexplicitosque
1027 1215 1212 1253 Platonas

217 1277 411 1328 quidquid
442 1285 479 1316 et
509 1277 666 1316 hirsutis
696 1279 848 1328 squalet
878 1278 1125 1328 imaginibus,

164 1343 218 1381 sic
248 1342 359 1393 quasi
390 1344 633 1392 Pythagorae
664 1343 833 1393 loqueris
864 1357 1066 1382 successor
1095 1352 1132 1382 et
1162 1346 1284 1384 heres.

217 1409 458 1458 praependet
488 1421 582 1446 sane
611 1421 685 1446 nec
715 1408 785 1446 tibi
814 1408 936 1447 barba
965 1408 1118 1447 minor:

164 1475 244 1519 sed,
277 1474 385 1523 quod
416 1481 454 1512 et
483 1472 646 1510 hircosis
676 1486 805 1510 serum
836 1481 893 1511 est
923 1481 961 1511 et
990 1480 1102 1524 turpe
1131 1474 1276 1524 pilosis,

218 1538 256 1575 in
287 1537 395 1576 molli
424 1537 588 1587 rigidam
618 1538 733 1575 clune
762 1537 928 1576 libenter
956 1538 1089 1576 habes.

166 1605 238 1649 Tu,
272 1603 337 1653 qui
368 1610 561 1641 sectarum
591 1615 728 1640 causas
758 1609 795 1641 et
825 1604 1002 1652 pondera
1031 1603 1145 1650 nosti,

218 1668 281 1706 dic
314 1667 419 1714 mihi,
452 1666 611 1717 percidi,
646 1668 870 1716 Pannyche,
903 1669 1048 1717 dogma
1078 1670 1187 1718 quod
1217 1671 1304 1707 est?

630 1751 812 1787 XLVIII

168 1816 369 1853 Heredem
401 1828 490 1853 cum
523 1828 584 1853 me
615 1814 733 1864 partis
763 1814 843 1861 tibi,
878 1815 1047 1862 Garrice‚
1080 1823 1241 1865 quartae

220 1894 288 1929 per
317 1888 383 1918 tua
413 1880 557 1918 iurares
588 1893 696 1918 sacra
726 1888 922 1930 caputque
953 1888 1074 1928 tuum,

166 1944 551 1994 credidimusss—quis
582 1944 687 1983 enim
718 1946 879 1983 damnet
909 1959 979 1984 sua
1007 1953 1098 1984 vota
1128 1945 1379 1985 libenter?—

221 2018 258 2048 et
287 2023 397 2060 spem
428 2009 655 2048 muneribus
685 2010 853 2048 fovimus
883 2024 1008 2060 usque
1037 2011 1165 2056 datis;

211 2125 230 2152 3
254 2114 474 2152 prometheae
491 2113 544 2143 ΒΑ
563 2125 569 2143 :
593 2114 677 2144 -thei
697 2114 746 2144 CA
877 2115 898 2144 6
922 2125 1003 2145 sana
1020 2114 1073 2144 BA
1194 2127 1210 2155 7
1236 2126 1321 2155 quae
1340 2118 1430 2157 (que)
1453 2117 1499 2147 C*x

213 2157 323 2187 XLVI
349 2157 420 2187 lzab.
445 2158 475 2187 R
569 2167 581 2186 1
608 2158 834 2188 modolamine.
859 2157 891 2187 R
990 2167 1010 2196 3
1034 2159 1150 2190 nunci
1178 2158 1312 2190 AACA:
1337 2166 1393 2190 aut
1411 2161 1430 2191 i.
1446 2161 1501 2190 ΒΑ

170 2205 341 2237 mutatque
359 2200 439 2230 AA:
471 2205 620 2230 mutatue
639 2200 717 2231 BA:
748 2211 813 2239 que
834 2202 912 2241 (om.
935 2202 1054 2240 mutat)
1076 2202 1125 2232 CA
1233 2213 1251 2240 4
1276 2203 1447 2242 quodlibet
1467 2209 1502 2233 ul

170 2243 230 2274 vid.
253 2242 286 2272 R
500 2243 631 2273 XLVII
654 2244 727 2274 hab.
753 2244 782 2274 T
891 2255 909 2274 2
933 2244 1095 2284 quidquid
1112 2245 1244 2276 AACA:
1271 2248 1422 2286 quisquis
1447 2248 1499 2276 BA

170 2299 187 2325 4
206 2286 370 2325 praendet
383 2286 437 2316 B>—
497 2296 578 2317 Sane
594 2287 729 2318 ΑΑΒΑῑ
756 2292 869 2318 tamen
883 2287 930 2318 CA
947 2300 952 2318 :
979 2288 1092 2318 Samia
1105 2289 1263 2319 Hsz'nsius
1351 2300 1369 2328 5
1388 2301 1498 2321 serum

171 2335 220 2360 est
239 2335 271 2360 et
289 2340 352 2360 om.
372 2329 422 2359 CA
442 2331 553 2370 (turpe
571 2335 621 2361 est
639 2335 671 2360 et
688 2335 786 2369 turpe
805 2331 849 2370 C)
958 2332 977 2360 8
1002 2333 1145 2371 percidi]
1166 2333 1207 2363 de
1226 2333 1274 2362 CA
1343 2335 1431 2372 quod
1449 2339 1498 2363 est

171 2373 280 2403 AACA
300 2384 306 2402 x
325 2373 402 2402 facit
415 2372 469 2402 BA
603 2374 747 2404 XLVIII
773 2375 847 2405 lzab.
866 2374 895 2404 T
956 2385 981 2409 Ι,
1002 2385 1037 2404 11
1055 2375 1173 2414 gallice
1187 2375 1235 2405 CA
1256 2376 1369 2406 ‘'ssa't'n
1388 2377 1495 2405 [cmm.

172 2426 213 2445 m:
232 2417 401 2447 GARRICOl
537 2426 555 2454 3
572 2417 646 2455 quis
664 2417 753 2447 enim
772 2417 907 2447 damnet
924 2417 1058 2447 AACA:
1085 2419 1220 2448 damnet
1235 2420 1307 2457 quis
1323 2420 1411 2449 enirn
1427 2419 1477 2448 BA
