1684 2763
792 151 1259 190 EPIGRAMMATON
1293 152 1395 189 LIB.
1430 151 1486 187 XI

160 263 191 301 si
221 263 360 313 Tyrios
389 263 539 312 sumpsi
568 263 695 300 cultus
725 261 867 300 unxive
896 261 1069 310 capillos,

212 329 406 367 exclamas
438 329 691 377 ‘Numquam
722 328 864 365 fecerat
894 326 967 364 ista
995 330 1123 376 pater’
1140 342 1149 374 3

158 402 196 432 et
225 406 407 431 numeras
436 400 590 431 nostros
619 391 804 430 adstricta
832 393 959 429 fronte
988 391 1158 438 trientes,

214 466 415 507 tamquam
446 459 497 496 de
526 458 625 495 cella
654 456 702 494 sit
731 457 853 495 cadus
888 456 951 494 ille
981 464 1057 493 tua.

162 522 336 570 Desin03
375 536 456 561 non
485 535 647 572 possum
681 521 865 560 libertum
896 522 993 559 ferre
1023 522 1229 560 Catonem.
1456 536 1491 566 15

213 601 298 626 esse
328 587 452 626 virum
483 587 560 626 iam
591 600 654 626 me
684 586 789 626 dicet
819 585 947 624 amica
975 585 1056 624 tibi.

681 704 755 740 XL

270 798 527 834 Formonsam
558 797 751 845 Glyceran
779 803 884 833 amat
915 796 1115 845 Lupercus

267 869 305 899 et
335 863 441 899 solus
472 868 579 899 tenet
608 861 853 911 imperatque
882 862 999 898 solus.

267 939 386 975 quam
417 933 500 964 toto
529 925 603 964 sibi
633 939 768 964 mense
797 939 877 963 non
906 927 1074 963 fututam

268 1004 359 1028 cum
389 990 505 1028 tristis
536 998 761 1040 quereretur
790 997 828 1028 et
857 990 1008 1040 roganti

268 1068 426 1093 causam
457 1056 620 1093 reddere
648 1056 764 1093 vellet
792 1055 972 1101 Aeliano,
1476 1069 1493 1100 5

269 1119 471 1169 respondit
501 1121 690 1169 Glycerae
720 1121 853 1158 dolere
883 1121 1032 1158 dentes.

670 1236 765 1272 XLI

162 1329 346 1377 Indulget
375 1328 507 1378 pecori
536 1327 702 1366 nimium
733 1329 829 1366 dum
859 1336 991 1378 pastor
1020 1330 1212 1378 Amyntas

215 1401 253 1431 et
281 1394 426 1442 gaudet
454 1394 558 1430 sama
587 1393 816 1442 luxuriaque
845 1393 983 1443 gregis,

160 1459 347 1497 cedentes
376 1457 485 1496 oneri
515 1471 644 1496 ramos
679 1458 896 1507 silvamque
927 1459 1115 1496 fluentem

214 1522 317 1569 vicit,
348 1536 561 1561 concussas
591 1522 674 1572 ipse
703 1530 861 1560 secutus
891 1536 997 1572 opes.

161 1587 267 1625 triste
297 1600 436 1624 nemus
466 1586 572 1624 dirae
602 1586 723 1624 vetuit
753 1600 956 1636 superesse
986 1587 1144 1637 rapinae
1478 1602 1494 1633 5

214 1651 497 1701 damnavitque
526 1651 628 1701 rogis
658 1651 774 1690 noxia
803 1651 908 1701 ligna
940 1660 1061 1701 pater.

164 1716 342 1766 Pingues,
376 1717 524 1765 Lygde,
555 1730 643 1754 sues
673 1717 817 1754 habeat
846 1716 998 1755 vicinus
1034 1718 1177 1755 Iollas:

216 1789 253 1819 te
283 1780 374 1819 satis
404 1789 462 1819 est
492 1781 607 1819 nobis
637 1782 897 1819 adnumerare
929 1795 1060 1831 pecus

660 1892 779 1928 XLII

165 1982 309 2021 Vivida
337 1996 428 2021 cum
458 1996 598 2032 poscas
628 1982 919 2033 epigrammata,
953 1991 1108 2022 mortua
1137 1984 1251 2034 ponis

214 2049 409 2085 lemmata.
470 2047 550 2095 Qui
580 2047 672 2094 fieri,
706 2048 941 2094 Caeciliam,
974 2051 1135 2098 potest?

166 2113 281 2150 mella
310 2112 421 2150 iubes
452 2113 636 2161 Hyblaea
665 2112 736 2150 tibi
766 2114 826 2151 vel
858 2113 1064 2163 Hymettia
1093 2114 1211 2159 nasci,

217 2184 254 2214 et
284 2177 419 2225 thyma
448 2176 663 2227 Cecropiae
694 2177 855 2216 Corsica
884 2177 998 2228 ponis
1027 2178 1117 2228 api!

212 2289 248 2317 13
274 2279 408 2309 triantis
430 2279 460 2309 T

210 2323 271 2352 XL
296 2332 315 2360 5
340 2323 445 2353 uelles
459 2323 505 2353 CA

209 2366 288 2396 XLI
315 2375 334 2404 5
359 2367 476 2396 ruinae
493 2365 586 2405 Rooy

211 2409 308 2439 XLII
333 2409 407 2439 lzab.
434 2409 462 2439 T
547 2421 566 2440 2
591 2409 670 2449 quid
687 2409 824 2441 AACA:
848 2410 905 2450 qui
924 2410 979 2440 BA
1069 2412 1141 2442 sseri
1162 2411 1209 2442 CA
1298 2423 1317 2451 4
1341 2411 1391 2452 et]
1409 2422 1449 2442 ea
1472 2412 1501 2442 T
