<?xml version="1.0" encoding="UTF-8"?>
<!DOCTYPE html PUBLIC "-//W3C//DTD XHTML 1.0 Transitional//EN"
    "http://www.w3.org/TR/xhtml1/DTD/xhtml1-transitional.dtd">
<html xmlns="http://www.w3.org/1999/xhtml" xml:lang="en" lang="en">
 <head>
  <title>
</title>
<meta http-equiv="Content-Type" content="text/html;charset=utf-8" />
  <meta name='ocr-system' content='tesseract 3.04.00' />
  <meta name='ocr-capabilities' content='ocr_page ocr_carea ocr_par ocr_line ocrx_word'/>
</head>
<body>
  <div class='ocr_page' id='page_1' title='image "./epigrammatarecog00martuoft/epigrammatarecog00martuoft_0298.png"; bbox 0 0 1684 2763; ppageno 0'>
   <div class='ocr_carea' id='block_1_1' title="bbox 200 153 758 193">
    <p class='ocr_par' dir='ltr' id='par_1_1' title="bbox 200 153 758 193">
     <span class='ocr_line' id='line_1_1' title="bbox 200 153 758 193; baseline -0.005 0"><span class='ocrx_word' id='word_1_1' title='bbox 200 156 257 193; x_wconf 90' lang='lat' dir='ltr'>M.</span> <span class='ocrx_word' id='word_1_2' title='bbox 288 155 411 193; x_wconf 79' lang='lat' dir='ltr'>VAL.</span> <span class='ocrx_word' id='word_1_3' title='bbox 444 153 758 192; x_wconf 82' lang='lat' dir='ltr'>MARTIALIS</span> 
     </span>
    </p>
   </div>
   <div class='ocr_carea' id='block_1_2' title="bbox 201 261 1276 770">
    <p class='ocr_par' dir='ltr' id='par_1_2' title="bbox 202 261 1089 316">
     <span class='ocr_line' id='line_1_2' title="bbox 202 261 1089 316; baseline -0.006 -11"><span class='ocrx_word' id='word_1_4' title='bbox 202 267 406 316; x_wconf 80' lang='lat' dir='ltr'>Babylona</span> <span class='ocrx_word' id='word_1_5' title='bbox 434 264 564 313; x_wconf 84' lang='lat' dir='ltr'>cinxit,</span> <span class='ocrx_word' id='word_1_6' title='bbox 594 266 729 304; x_wconf 87' lang='lat' dir='ltr'>Tucca</span> <span class='ocrx_word' id='word_1_7' title='bbox 758 264 943 303; x_wconf 84' lang='lat' dir='ltr'>balncum</span> <span class='ocrx_word' id='word_1_8' title='bbox 972 261 1089 301; x_wconf 87' lang='lat' dir='ltr'>fecit:</span> 
     </span>
    </p>

    <p class='ocr_par' dir='ltr' id='par_1_3' title="bbox 201 329 1103 381">
     <span class='ocr_line' id='line_1_3' title="bbox 201 329 1103 381; baseline -0.007 -10"><span class='ocrx_word' id='word_1_9' title='bbox 201 332 271 371; x_wconf 76' lang='lat' dir='ltr'>sed</span> <span class='ocrx_word' id='word_1_10' title='bbox 301 339 426 381; x_wconf 84' lang='lat' dir='ltr'>strage</span> <span class='ocrx_word' id='word_1_11' title='bbox 455 343 661 369; x_wconf 87' lang='lat' dir='ltr'>nemorum</span> <span class='ocrx_word' id='word_1_12' title='bbox 691 329 886 380; x_wconf 81' lang='lat' dir='ltr'>pineaque</span> <span class='ocrx_word' id='word_1_13' title='bbox 916 341 1103 378; x_wconf 82' lang='lat' dir='ltr'>conpage,</span> 
     </span>
    </p>

    <p class='ocr_par' dir='ltr' id='par_1_4' title="bbox 202 392 954 446">
     <span class='ocr_line' id='line_1_4' title="bbox 202 392 954 446; baseline -0.005 -11"><span class='ocrx_word' id='word_1_14' title='bbox 202 404 244 435; x_wconf 89' lang='lat' dir='ltr'>ut</span> <span class='ocrx_word' id='word_1_15' title='bbox 273 396 454 446; x_wconf 82' lang='lat' dir='ltr'>navigare</span> <span class='ocrx_word' id='word_1_16' title='bbox 482 397 618 434; x_wconf 82' lang='lat' dir='ltr'>Tucca</span> <span class='ocrx_word' id='word_1_17' title='bbox 648 395 790 433; x_wconf 85' lang='lat' dir='ltr'>balneo</span> <span class='ocrx_word' id='word_1_18' title='bbox 819 392 954 444; x_wconf 80' lang='lat' dir='ltr'>possit.</span> 
     </span>
    </p>

    <p class='ocr_par' dir='ltr' id='par_1_5' title="bbox 202 459 1000 500">
     <span class='ocr_line' id='line_1_5' title="bbox 202 459 1000 500; baseline -0.005 0"><span class='ocrx_word' id='word_1_19' title='bbox 202 462 308 500; x_wconf 87' lang='lat' dir='ltr'>idem</span> <span class='ocrx_word' id='word_1_20' title='bbox 338 462 472 500; x_wconf 85' lang='lat' dir='ltr'>beatas</span> <span class='ocrx_word' id='word_1_21' title='bbox 502 462 630 499; x_wconf 84' lang='lat' dir='ltr'>lautus</span> <span class='ocrx_word' id='word_1_22' title='bbox 660 459 800 498; x_wconf 77' lang='lat' dir='ltr'>extruit</span> <span class='ocrx_word' id='word_1_23' title='bbox 829 460 1000 497; x_wconf 83' lang='lat' dir='ltr'>thermas</span> 
     </span>
    </p>

    <p class='ocr_par' dir='ltr' id='par_1_6' title="bbox 203 521 1276 706">
     <span class='ocr_line' id='line_1_6' title="bbox 203 521 1165 574; baseline -0.006 -10"><span class='ocrx_word' id='word_1_24' title='bbox 203 527 253 566; x_wconf 90' lang='lat' dir='ltr'>de</span> <span class='ocrx_word' id='word_1_25' title='bbox 283 540 475 565; x_wconf 82' lang='lat' dir='ltr'>marmore</span> <span class='ocrx_word' id='word_1_26' title='bbox 504 525 624 572; x_wconf 86' lang='lat' dir='ltr'>omni,</span> <span class='ocrx_word' id='word_1_27' title='bbox 656 525 765 574; x_wconf 84' lang='lat' dir='ltr'>quod</span> <span class='ocrx_word' id='word_1_28' title='bbox 795 525 978 572; x_wconf 80' lang='lat' dir='ltr'>Carystos</span> <span class='ocrx_word' id='word_1_29' title='bbox 1007 521 1165 567; x_wconf 89' lang='lat' dir='ltr'>invenit,</span> 
     </span>
     <span class='ocr_line' id='line_1_7' title="bbox 204 585 1276 642; baseline -0.008 -11"><span class='ocrx_word' id='word_1_30' title='bbox 204 593 311 642; x_wconf 82' lang='lat' dir='ltr'>quod</span> <span class='ocrx_word' id='word_1_31' title='bbox 343 590 508 641; x_wconf 80' lang='lat' dir='ltr'>Phrygia</span> <span class='ocrx_word' id='word_1_32' title='bbox 537 591 699 639; x_wconf 85' lang='lat' dir='ltr'>Synnas,</span> <span class='ocrx_word' id='word_1_33' title='bbox 730 590 824 626; x_wconf 83' lang='lat' dir='ltr'>Afra</span> <span class='ocrx_word' id='word_1_34' title='bbox 853 588 962 637; x_wconf 83' lang='lat' dir='ltr'>quod</span> <span class='ocrx_word' id='word_1_35' title='bbox 991 588 1142 625; x_wconf 82' lang='lat' dir='ltr'>Nomas</span> <span class='ocrx_word' id='word_1_36' title='bbox 1174 585 1276 623; x_wconf 82' lang='lat' dir='ltr'>misit</span> 
     </span>
     <span class='ocr_line' id='line_1_8' title="bbox 204 653 1011 706; baseline -0.007 -11"><span class='ocrx_word' id='word_1_37' title='bbox 204 665 241 695; x_wconf 81' lang='lat' dir='ltr'>et</span> <span class='ocrx_word' id='word_1_38' title='bbox 271 657 379 706; x_wconf 85' lang='lat' dir='ltr'>quod</span> <span class='ocrx_word' id='word_1_39' title='bbox 408 654 547 693; x_wconf 87' lang='lat' dir='ltr'>virenti</span> <span class='ocrx_word' id='word_1_40' title='bbox 576 655 684 692; x_wconf 86' lang='lat' dir='ltr'>fonte</span> <span class='ocrx_word' id='word_1_41' title='bbox 712 653 804 691; x_wconf 84' lang='lat' dir='ltr'>lavit</span> <span class='ocrx_word' id='word_1_42' title='bbox 834 653 1011 690; x_wconf 78' lang='lat' dir='ltr'>Eurotas.</span> 
     </span>
    </p>

    <p class='ocr_par' dir='ltr' id='par_1_7' title="bbox 205 714 1193 770">
     <span class='ocr_line' id='line_1_9' title="bbox 205 714 1193 770; baseline -0.007 -11"><span class='ocrx_word' id='word_1_43' title='bbox 205 722 274 760; x_wconf 87' lang='lat' dir='ltr'>sed</span> <span class='ocrx_word' id='word_1_44' title='bbox 304 720 407 770; x_wconf 77' lang='lat' dir='ltr'>ligna</span> <span class='ocrx_word' id='word_1_45' title='bbox 437 721 602 759; x_wconf 78' lang='lat' dir='ltr'>desunt:</span> <span class='ocrx_word' id='word_1_46' title='bbox 642 717 777 757; x_wconf 80' lang='lat' dir='ltr'>subice</span> <span class='ocrx_word' id='word_1_47' title='bbox 808 718 992 756; x_wconf 80' lang='lat' dir='ltr'>balneum</span> <span class='ocrx_word' id='word_1_48' title='bbox 1022 714 1193 754; x_wconf 75' lang='lat' dir='ltr'>thermis.</span> 
     </span>
    </p>
   </div>
   <div class='ocr_carea' id='block_1_3' title="bbox 675 879 845 916">
    <p class='ocr_par' dir='ltr' id='par_1_8' title="bbox 675 879 845 916">
     <span class='ocr_line' id='line_1_10' title="bbox 675 879 845 916; baseline -0.012 0"><span class='ocrx_word' id='word_1_49' title='bbox 675 879 845 916; x_wconf 81' lang='lat' dir='ltr'>LXXVI</span> 
     </span>
    </p>
   </div>
   <div class='ocr_carea' id='block_1_4' title="bbox 207 990 1271 1624">
    <p class='ocr_par' dir='ltr' id='par_1_9' title="bbox 210 990 1264 1108">
     <span class='ocr_line' id='line_1_11' title="bbox 210 990 1264 1042; baseline -0.007 -9"><span class='ocrx_word' id='word_1_50' title='bbox 210 997 322 1033; x_wconf 80' lang='lat' dir='ltr'>Haec</span> <span class='ocrx_word' id='word_1_51' title='bbox 352 1002 441 1032; x_wconf 89' lang='lat' dir='ltr'>sunt</span> <span class='ocrx_word' id='word_1_52' title='bbox 471 993 535 1031; x_wconf 82' lang='lat' dir='ltr'>illa</span> <span class='ocrx_word' id='word_1_53' title='bbox 565 992 641 1031; x_wconf 85' lang='lat' dir='ltr'>mei</span> <span class='ocrx_word' id='word_1_54' title='bbox 671 1006 771 1042; x_wconf 82' lang='lat' dir='ltr'>quae</span> <span class='ocrx_word' id='word_1_55' title='bbox 801 991 957 1030; x_wconf 85' lang='lat' dir='ltr'>cernitis</span> <span class='ocrx_word' id='word_1_56' title='bbox 987 1004 1054 1030; x_wconf 80' lang='lat' dir='ltr'>ora</span> <span class='ocrx_word' id='word_1_57' title='bbox 1084 990 1264 1035; x_wconf 81' lang='lat' dir='ltr'>Camoni,</span> 
     </span>
     <span class='ocr_line' id='line_1_12' title="bbox 261 1054 1139 1108; baseline -0.005 -11"><span class='ocrx_word' id='word_1_58' title='bbox 261 1061 358 1098; x_wconf 74' lang='lat' dir='ltr'>haec</span> <span class='ocrx_word' id='word_1_59' title='bbox 388 1058 496 1108; x_wconf 88' lang='lat' dir='ltr'>pueri</span> <span class='ocrx_word' id='word_1_60' title='bbox 525 1057 642 1096; x_wconf 84' lang='lat' dir='ltr'>facies</span> <span class='ocrx_word' id='word_1_61' title='bbox 672 1057 876 1107; x_wconf 83' lang='lat' dir='ltr'>primaque</span> <span class='ocrx_word' id='word_1_62' title='bbox 905 1057 1028 1094; x_wconf 80' lang='lat' dir='ltr'>forma</span> <span class='ocrx_word' id='word_1_63' title='bbox 1058 1054 1139 1093; x_wconf 89' lang='lat' dir='ltr'>fuit.</span> 
     </span>
    </p>

    <p class='ocr_par' dir='ltr' id='par_1_10' title="bbox 207 1119 1164 1239">
     <span class='ocr_line' id='line_1_13' title="bbox 207 1119 1164 1163; baseline -0.005 -1"><span class='ocrx_word' id='word_1_64' title='bbox 207 1131 378 1163; x_wconf 83' lang='lat' dir='ltr'>creverat</span> <span class='ocrx_word' id='word_1_65' title='bbox 407 1123 470 1162; x_wconf 91' lang='lat' dir='ltr'>hic</span> <span class='ocrx_word' id='word_1_66' title='bbox 500 1124 629 1160; x_wconf 82' lang='lat' dir='ltr'>vultus</span> <span class='ocrx_word' id='word_1_67' title='bbox 659 1121 718 1160; x_wconf 90' lang='lat' dir='ltr'>bis</span> <span class='ocrx_word' id='word_1_68' title='bbox 748 1121 860 1160; x_wconf 90' lang='lat' dir='ltr'>denis</span> <span class='ocrx_word' id='word_1_69' title='bbox 890 1120 1024 1159; x_wconf 87' lang='lat' dir='ltr'>fortior</span> <span class='ocrx_word' id='word_1_70' title='bbox 1052 1119 1164 1158; x_wconf 84' lang='lat' dir='ltr'>annis</span> 
     </span>
     <span class='ocr_line' id='line_1_14' title="bbox 261 1185 1152 1239; baseline -0.007 -12"><span class='ocrx_word' id='word_1_71' title='bbox 261 1189 536 1239; x_wconf 78' lang='lat' dir='ltr'>gaudebatque</span> <span class='ocrx_word' id='word_1_72' title='bbox 566 1200 655 1225; x_wconf 82' lang='lat' dir='ltr'>suas</span> <span class='ocrx_word' id='word_1_73' title='bbox 685 1186 842 1236; x_wconf 84' lang='lat' dir='ltr'>pingere</span> <span class='ocrx_word' id='word_1_74' title='bbox 873 1185 993 1223; x_wconf 83' lang='lat' dir='ltr'>barba</span> <span class='ocrx_word' id='word_1_75' title='bbox 1021 1197 1152 1234; x_wconf 81' lang='lat' dir='ltr'>genaS,</span> 
     </span>
    </p>

    <p class='ocr_par' dir='ltr' id='par_1_11' title="bbox 209 1250 1271 1370">
     <span class='ocr_line' id='line_1_15' title="bbox 209 1250 1271 1300; baseline -0.007 -8"><span class='ocrx_word' id='word_1_76' title='bbox 209 1262 246 1292; x_wconf 77' lang='lat' dir='ltr'>ct</span> <span class='ocrx_word' id='word_1_77' title='bbox 275 1254 394 1292; x_wconf 80' lang='lat' dir='ltr'>libata</span> <span class='ocrx_word' id='word_1_78' title='bbox 423 1253 544 1291; x_wconf 85' lang='lat' dir='ltr'>semel</span> <span class='ocrx_word' id='word_1_79' title='bbox 574 1264 749 1290; x_wconf 89' lang='lat' dir='ltr'>summos</span> <span class='ocrx_word' id='word_1_80' title='bbox 780 1251 900 1288; x_wconf 93' lang='lat' dir='ltr'>modo</span> <span class='ocrx_word' id='word_1_81' title='bbox 930 1262 1099 1300; x_wconf 79' lang='lat' dir='ltr'>purpura</span> <span class='ocrx_word' id='word_1_82' title='bbox 1128 1250 1271 1286; x_wconf 72' lang='lat' dir='ltr'>cultros</span> 
     </span>
     <span class='ocr_line' id='line_1_16' title="bbox 262 1315 1147 1370; baseline -0.008 -12"><span class='ocrx_word' id='word_1_83' title='bbox 262 1326 462 1370; x_wconf 76' lang='lat' dir='ltr'>sparserat.</span> <span class='ocrx_word' id='word_1_84' title='bbox 524 1316 670 1355; x_wconf 86' lang='lat' dir='ltr'>Invidit</span> <span class='ocrx_word' id='word_1_85' title='bbox 699 1317 749 1354; x_wconf 88' lang='lat' dir='ltr'>de</span> <span class='ocrx_word' id='word_1_86' title='bbox 779 1315 901 1353; x_wconf 85' lang='lat' dir='ltr'>tribus</span> <span class='ocrx_word' id='word_1_87' title='bbox 931 1328 1010 1353; x_wconf 85' lang='lat' dir='ltr'>una</span> <span class='ocrx_word' id='word_1_88' title='bbox 1039 1327 1147 1352; x_wconf 89' lang='lat' dir='ltr'>soror</span> 
     </span>
    </p>

    <p class='ocr_par' dir='ltr' id='par_1_12' title="bbox 209 1379 1148 1498">
     <span class='ocr_line' id='line_1_17' title="bbox 209 1379 988 1430; baseline -0.006 -8"><span class='ocrx_word' id='word_1_89' title='bbox 209 1392 245 1422; x_wconf 82' lang='lat' dir='ltr'>et</span> <span class='ocrx_word' id='word_1_90' title='bbox 275 1382 464 1422; x_wconf 80' lang='lat' dir='ltr'>festinatis</span> <span class='ocrx_word' id='word_1_91' title='bbox 495 1381 631 1420; x_wconf 84' lang='lat' dir='ltr'>incidit</span> <span class='ocrx_word' id='word_1_92' title='bbox 661 1380 828 1419; x_wconf 80' lang='lat' dir='ltr'>stamina</span> <span class='ocrx_word' id='word_1_93' title='bbox 858 1379 988 1430; x_wconf 86' lang='lat' dir='ltr'>pensis</span> 
     </span>
     <span class='ocr_line' id='line_1_18' title="bbox 261 1444 1148 1498; baseline -0.007 -12"><span class='ocrx_word' id='word_1_94' title='bbox 261 1455 545 1498; x_wconf 73' lang='lat' dir='ltr'>apsentemque</span> <span class='ocrx_word' id='word_1_95' title='bbox 574 1445 672 1496; x_wconf 83' lang='lat' dir='ltr'>patri</span> <span class='ocrx_word' id='word_1_96' title='bbox 702 1444 847 1483; x_wconf 77' lang='lat' dir='ltr'>rettulit</span> <span class='ocrx_word' id='word_1_97' title='bbox 876 1457 973 1482; x_wconf 86' lang='lat' dir='ltr'>urna</span> <span class='ocrx_word' id='word_1_98' title='bbox 1001 1457 1148 1494; x_wconf 82' lang='lat' dir='ltr'>rogum.</span> 
     </span>
    </p>

    <p class='ocr_par' dir='ltr' id='par_1_13' title="bbox 210 1509 1235 1624">
     <span class='ocr_line' id='line_1_19' title="bbox 210 1509 1235 1561; baseline -0.007 -9"><span class='ocrx_word' id='word_1_99' title='bbox 210 1515 287 1552; x_wconf 69' lang='lat' dir='ltr'>scd</span> <span class='ocrx_word' id='word_1_100' title='bbox 319 1527 367 1551; x_wconf 84' lang='lat' dir='ltr'>ne</span> <span class='ocrx_word' id='word_1_101' title='bbox 397 1514 479 1551; x_wconf 87' lang='lat' dir='ltr'>sola</span> <span class='ocrx_word' id='word_1_102' title='bbox 508 1519 640 1550; x_wconf 81' lang='lat' dir='ltr'>tamen</span> <span class='ocrx_word' id='word_1_103' title='bbox 671 1524 834 1561; x_wconf 88' lang='lat' dir='ltr'>puerum</span> <span class='ocrx_word' id='word_1_104' title='bbox 864 1509 1014 1560; x_wconf 82' lang='lat' dir='ltr'>pictura</span> <span class='ocrx_word' id='word_1_105' title='bbox 1043 1510 1235 1558; x_wconf 81' lang='lat' dir='ltr'>loquatur,</span> 
     </span>
     <span class='ocr_line' id='line_1_20' title="bbox 264 1573 1149 1624; baseline -0.007 -8"><span class='ocrx_word' id='word_1_106' title='bbox 264 1580 360 1616; x_wconf 79' lang='lat' dir='ltr'>haec</span> <span class='ocrx_word' id='word_1_107' title='bbox 391 1577 461 1616; x_wconf 80' lang='lat' dir='ltr'>erit</span> <span class='ocrx_word' id='word_1_108' title='bbox 490 1577 528 1614; x_wconf 94' lang='lat' dir='ltr'>in</span> <span class='ocrx_word' id='word_1_109' title='bbox 559 1575 701 1614; x_wconf 81' lang='lat' dir='ltr'>chartis</span> <span class='ocrx_word' id='word_1_110' title='bbox 732 1575 854 1613; x_wconf 75' lang='lat' dir='ltr'>maior</span> <span class='ocrx_word' id='word_1_111' title='bbox 883 1575 1012 1624; x_wconf 81' lang='lat' dir='ltr'>imago</span> <span class='ocrx_word' id='word_1_112' title='bbox 1043 1573 1149 1611; x_wconf 86' lang='lat' dir='ltr'>meis.</span> 
     </span>
    </p>
   </div>
   <div class='ocr_carea' id='block_1_5' title="bbox 668 1736 862 1772">
    <p class='ocr_par' dir='ltr' id='par_1_14' title="bbox 668 1736 862 1772">
     <span class='ocr_line' id='line_1_21' title="bbox 668 1736 862 1772; baseline 0 0"><span class='ocrx_word' id='word_1_113' title='bbox 668 1736 862 1772; x_wconf 81' lang='lat' dir='ltr'>LXXVII</span> 
     </span>
    </p>
   </div>
   <div class='ocr_carea' id='block_1_6' title="bbox 213 1846 1134 2225">
    <p class='ocr_par' dir='ltr' id='par_1_15' title="bbox 213 1846 1088 1963">
     <span class='ocr_line' id='line_1_22' title="bbox 213 1846 1088 1901; baseline -0.009 -10"><span class='ocrx_word' id='word_1_114' title='bbox 213 1853 334 1901; x_wconf 81' lang='lat' dir='ltr'>Quod</span> <span class='ocrx_word' id='word_1_115' title='bbox 365 1851 557 1901; x_wconf 87' lang='lat' dir='ltr'>optimum</span> <span class='ocrx_word' id='word_1_116' title='bbox 588 1849 635 1887; x_wconf 87' lang='lat' dir='ltr'>sit</span> <span class='ocrx_word' id='word_1_117' title='bbox 665 1848 837 1898; x_wconf 86' lang='lat' dir='ltr'>disputat</span> <span class='ocrx_word' id='word_1_118' title='bbox 867 1846 1088 1885; x_wconf 67' lang='lat' dir='ltr'>convivium</span> 
     </span>
     <span class='ocr_line' id='line_1_23' title="bbox 265 1913 763 1963; baseline -0.008 -9"><span class='ocrx_word' id='word_1_119' title='bbox 265 1917 435 1954; x_wconf 84' lang='lat' dir='ltr'>facunda</span> <span class='ocrx_word' id='word_1_120' title='bbox 463 1914 584 1952; x_wconf 87' lang='lat' dir='ltr'>Prisci</span> <span class='ocrx_word' id='word_1_121' title='bbox 613 1913 763 1963; x_wconf 78' lang='lat' dir='ltr'>pagina,</span> 
     </span>
    </p>

    <p class='ocr_par' dir='ltr' id='par_1_16' title="bbox 213 1977 1041 2093">
     <span class='ocr_line' id='line_1_24' title="bbox 213 1977 1041 2026; baseline -0.007 -7"><span class='ocrx_word' id='word_1_122' title='bbox 213 1989 249 2019; x_wconf 87' lang='lat' dir='ltr'>ct</span> <span class='ocrx_word' id='word_1_123' title='bbox 280 1982 402 2019; x_wconf 81' lang='lat' dir='ltr'>multa</span> <span class='ocrx_word' id='word_1_124' title='bbox 431 1979 547 2026; x_wconf 85' lang='lat' dir='ltr'>dulci,</span> <span class='ocrx_word' id='word_1_125' title='bbox 580 1980 701 2016; x_wconf 81' lang='lat' dir='ltr'>multa</span> <span class='ocrx_word' id='word_1_126' title='bbox 730 1977 887 2015; x_wconf 84' lang='lat' dir='ltr'>sublimi</span> <span class='ocrx_word' id='word_1_127' title='bbox 917 1977 1041 2021; x_wconf 80' lang='lat' dir='ltr'>refert,</span> 
     </span>
     <span class='ocr_line' id='line_1_25' title="bbox 266 2045 851 2093; baseline -0.007 -9"><span class='ocrx_word' id='word_1_128' title='bbox 266 2047 335 2084; x_wconf 85' lang='lat' dir='ltr'>sed</span> <span class='ocrx_word' id='word_1_129' title='bbox 366 2052 506 2083; x_wconf 82' lang='lat' dir='ltr'>cuncta</span> <span class='ocrx_word' id='word_1_130' title='bbox 534 2045 654 2082; x_wconf 88' lang='lat' dir='ltr'>docto</span> <span class='ocrx_word' id='word_1_131' title='bbox 682 2050 851 2093; x_wconf 62' lang='lat' dir='ltr'>pectore⁴</span> 
     </span>
    </p>

    <p class='ocr_par' dir='ltr' id='par_1_17' title="bbox 216 2104 1134 2225">
     <span class='ocr_line' id='line_1_26' title="bbox 216 2104 1134 2160; baseline -0.009 -11"><span class='ocrx_word' id='word_1_132' title='bbox 216 2111 337 2160; x_wconf 81' lang='lat' dir='ltr'>Quod</span> <span class='ocrx_word' id='word_1_133' title='bbox 367 2109 559 2159; x_wconf 89' lang='lat' dir='ltr'>optimum</span> <span class='ocrx_word' id='word_1_134' title='bbox 589 2108 636 2146; x_wconf 89' lang='lat' dir='ltr'>sit</span> <span class='ocrx_word' id='word_1_135' title='bbox 666 2107 849 2157; x_wconf 82' lang='lat' dir='ltr'>quaeritis</span> <span class='ocrx_word' id='word_1_136' title='bbox 879 2104 1134 2144; x_wconf 79' lang='lat' dir='ltr'>convivium?</span> 
     </span>
     <span class='ocr_line' id='line_1_27' title="bbox 268 2171 869 2225; baseline -0.007 -12"><span class='ocrx_word' id='word_1_137' title='bbox 268 2175 307 2213; x_wconf 92' lang='lat' dir='ltr'>in</span> <span class='ocrx_word' id='word_1_138' title='bbox 338 2188 417 2225; x_wconf 83' lang='lat' dir='ltr'>quo</span> <span class='ocrx_word' id='word_1_139' title='bbox 446 2174 649 2212; x_wconf 83' lang='lat' dir='ltr'>choraules</span> <span class='ocrx_word' id='word_1_140' title='bbox 679 2186 759 2211; x_wconf 88' lang='lat' dir='ltr'>non</span> <span class='ocrx_word' id='word_1_141' title='bbox 788 2171 869 2210; x_wconf 89' lang='lat' dir='ltr'>erit.</span> 
     </span>
    </p>
   </div>
   <div class='ocr_carea' id='block_1_7' title="bbox 262 2266 1411 2402">
    <p class='ocr_par' dir='ltr' id='par_1_18' title="bbox 262 2266 1411 2402">
     <span class='ocr_line' id='line_1_28' title="bbox 262 2266 1411 2317; baseline -0.011 -8"><span class='ocrx_word' id='word_1_142' title='bbox 262 2279 389 2309; x_wconf 84' lang='lat' dir='ltr'>LXXV</span> <span class='ocrx_word' id='word_1_143' title='bbox 414 2288 432 2316; x_wconf 86' lang='lat'><strong>5</strong></span> <span class='ocrx_word' id='word_1_144' title='bbox 458 2282 571 2317; x_wconf 87' lang='lat' dir='ltr'>posset</span> <span class='ocrx_word' id='word_1_145' title='bbox 588 2276 643 2306; x_wconf 72' lang='lat' dir='ltr'>BA</span> <span class='ocrx_word' id='word_1_146' title='bbox 661 2286 667 2305; x_wconf 75' lang='grc' dir='ltr'>ε</span> <span class='ocrx_word' id='word_1_147' title='bbox 692 2275 798 2314; x_wconf 85' lang='lat' dir='ltr'>possit</span> <span class='ocrx_word' id='word_1_148' title='bbox 817 2273 866 2304; x_wconf 70' lang='lat' dir='ltr'>CA</span> <span class='ocrx_word' id='word_1_149' title='bbox 996 2273 1016 2302; x_wconf 90' lang='lat'>8</span> <span class='ocrx_word' id='word_1_150' title='bbox 1040 2270 1129 2301; x_wconf 85' lang='lat' dir='ltr'>misit</span> <span class='ocrx_word' id='word_1_151' title='bbox 1146 2268 1219 2299; x_wconf 60' lang='lat' dir='ltr'>BA:</span> <span class='ocrx_word' id='word_1_152' title='bbox 1244 2267 1344 2298; x_wconf 83' lang='lat' dir='ltr'>mittit</span> <span class='ocrx_word' id='word_1_153' title='bbox 1363 2266 1411 2297; x_wconf 73' lang='lat' dir='ltr'>CA</span> 
     </span>
     <span class='ocr_line' id='line_1_29' title="bbox 264 2315 946 2359; baseline -0.01 -6"><span class='ocrx_word' id='word_1_154' title='bbox 264 2321 407 2353; x_wconf 82' lang='lat' dir='ltr'>LXXVI</span> <span class='ocrx_word' id='word_1_155' title='bbox 432 2332 451 2359; x_wconf 79' lang='lat'>4</span> <span class='ocrx_word' id='word_1_156' title='bbox 475 2321 611 2358; x_wconf 78' lang='lat' dir='ltr'>cingere</span> <span class='ocrx_word' id='word_1_157' title='bbox 628 2319 702 2348; x_wconf 69' lang='lat' dir='ltr'>BA:</span> <span class='ocrx_word' id='word_1_158' title='bbox 740 2319 880 2358; x_wconf 83' lang='lat' dir='ltr'>pingere</span> <span class='ocrx_word' id='word_1_159' title='bbox 899 2315 946 2346; x_wconf 77' lang='lat' dir='ltr'>CA</span> 
     </span>
     <span class='ocr_line' id='line_1_30' title="bbox 264 2353 1409 2402; baseline -0.011 -6"><span class='ocrx_word' id='word_1_160' title='bbox 264 2364 424 2396; x_wconf 75' lang='lat' dir='ltr'>LXXVII</span> <span class='ocrx_word' id='word_1_161' title='bbox 451 2375 469 2394; x_wconf 86' lang='lat'><strong>2</strong></span> <span class='ocrx_word' id='word_1_162' title='bbox 494 2364 601 2402; x_wconf 82' lang='lat' dir='ltr'>prisca</span> <span class='ocrx_word' id='word_1_163' title='bbox 620 2362 668 2393; x_wconf 73' lang='lat' dir='ltr'>CA</span> <span class='ocrx_word' id='word_1_164' title='bbox 785 2371 804 2400; x_wconf 84' lang='lat'><strong>3</strong></span> <span class='ocrx_word' id='word_1_165' title='bbox 831 2359 921 2390; x_wconf 89' lang='lat' dir='ltr'>multi</span> <span class='ocrx_word' id='word_1_166' title='bbox 940 2359 972 2389; x_wconf 87' lang='lat' dir='ltr'>d.</span> <span class='ocrx_word' id='word_1_167' title='bbox 991 2358 1039 2388; x_wconf 71' lang='lat' dir='ltr'>CA</span> <span class='ocrx_word' id='word_1_168' title='bbox 1151 2365 1170 2394; x_wconf 86' lang='lat'>5</span> <span class='ocrx_word' id='word_1_169' title='bbox 1196 2354 1342 2394; x_wconf 87' lang='lat' dir='ltr'>optimus</span> <span class='ocrx_word' id='word_1_170' title='bbox 1361 2353 1409 2384; x_wconf 70' lang='lat' dir='ltr'>CA</span> 
     </span>
    </p>
   </div>
   <div class='ocr_carea' id='block_1_8' title="bbox 221 2406 600 2448">
    <p class='ocr_par' dir='ltr' id='par_1_19' title="bbox 221 2406 600 2448">
     <span class='ocr_line' id='line_1_31' title="bbox 221 2406 600 2448; baseline -0.011 -8"><span class='ocrx_word' id='word_1_171' title='bbox 221 2410 350 2440; x_wconf 81' lang='lat' dir='ltr'>nouerit</span> <span class='ocrx_word' id='word_1_172' title='bbox 372 2407 420 2439; x_wconf 75' lang='lat' dir='ltr'>CA</span> <span class='ocrx_word' id='word_1_173' title='bbox 438 2408 474 2448; x_wconf 83' lang='lat' dir='ltr'>(u</span> <span class='ocrx_word' id='word_1_174' title='bbox 485 2412 547 2448; x_wconf 77' lang='lat' dir='ltr'>pro</span> <span class='ocrx_word' id='word_1_175' title='bbox 564 2406 600 2447; x_wconf 87' lang='lat' dir='ltr'>n)</span> 
     </span>
    </p>
   </div>
   <div class='ocr_carea' id='block_1_9' title="bbox 1496 731 1531 752">
    <p class='ocr_par' dir='ltr' id='par_1_20' title="bbox 1496 731 1531 752">
     <span class='ocr_line' id='line_1_32' title="bbox 1496 731 1531 752; baseline 0 0"><span class='ocrx_word' id='word_1_176' title='bbox 1496 731 1531 752; x_wconf 92' lang='lat'>10</span> 
     </span>
    </p>
   </div>
   <div class='ocr_carea' id='block_1_10' title="bbox 1501 1585 1538 1606">
    <p class='ocr_par' dir='ltr' id='par_1_21' title="bbox 1501 1585 1538 1606">
     <span class='ocr_line' id='line_1_33' title="bbox 1501 1585 1538 1606; baseline -0.027 0"><span class='ocrx_word' id='word_1_177' title='bbox 1501 1585 1538 1606; x_wconf 86' lang='lat'>10</span> 
     </span>
    </p>
   </div>
  </div>
 </body>
</html>
