1684 2763
814 155 1072 192 EPIGRAM
1080 157 1281 195 MATON
1315 158 1366 195 LI
1375 159 1416 196 B.
1450 159 1484 194 V

649 266 771 303 XVII

157 337 262 373 Dum
295 349 460 385 proavos
490 343 705 385 atavosque
736 337 852 374 refers
883 343 919 374 et
950 337 1112 375 nomina
1143 351 1294 387 magna,

208 401 304 438 dum
336 400 405 438 tibi
436 408 568 438 noster
597 414 718 450 eques
749 400 909 439 sordida
939 401 1123 440 condicio
1153 411 1221 450 est,

154 467 249 503 (lum
280 474 317 503 te
346 479 462 515 posse
492 479 610 515 negas
640 465 714 503 nisi
744 467 833 513 lato,
868 466 1005 513 Gellia,
1038 469 1149 506 clavo

208 531 368 578 nubere,
400 531 580 581 nupsisti,
611 531 747 578 Gellia,
780 531 974 570 cistibero.

638 615 784 651 XVIII

155 683 277 731 Quod
307 683 376 721 tibi
408 683 621 721 Decembri
652 697 798 731 mense,
831 697 911 734 quo
941 686 1074 723 volant
1105 700 1271 736 mappae

154 747 396 798 gracilesque
426 748 567 798 ligulae
597 748 778 798 cereique
808 751 1045 799 chartaeque

155 821 193 850 et
222 821 338 851 acuta
367 813 526 851 senibus
557 822 656 851 testa
686 827 776 852 cum
808 815 1080 862 Damascenis,

156 886 307 927 praeter
336 878 489 916 libellos
519 880 699 916 vernulas
729 878 825 916 nihil
856 879 954 926 misi,

156 945 318 982 sortasse
346 957 483 981 avarus
512 943 646 982 videar
673 951 740 981 aut
770 944 1021 982 inhumanus.

1470 974 1487 994 ὓ

155 1008 222 1046 odi
252 1010 410 1047 dolosas
440 1022 647 1046 munerum
678 1016 716 1046 et
746 1010 866 1047 malas
895 1017 1020 1047 artes:

156 1074 356 1112 imitantur
385 1075 524 1112 hamos
554 1075 683 1112 dona:
723 1087 896 1124 namque
926 1074 1013 1124 quis
1043 1075 1167 1113 nescit

155 1139 316 1177 avidum
346 1147 482 1178 vorata
511 1139 641 1189 decipi
672 1153 826 1178 scarum
857 1142 1025 1179 musca?

157 1204 352 1254 Quotiens
382 1204 511 1243 amico
540 1204 650 1243 diviti
680 1204 778 1242 nihil
807 1206 941 1252 donat,

157 1283 180 1308 o
211 1269 439 1318 Quintiane,
470 1269 639 1308 liberalis
669 1277 726 1308 est
756 1283 915 1321 pauper.
1451 1288 1489 1311 10

661 1348 762 1384 XIX

157 1417 196 1455 Si
227 1430 304 1467 qua
334 1418 431 1455 fides
460 1417 570 1463 veris,
602 1417 796 1467 praeferri,
828 1417 997 1456 maxime
1029 1419 1184 1465 Caesar,

211 1482 454 1531 temporibus
484 1490 650 1531 possunt
680 1484 837 1520 saecula
866 1484 974 1520 nulla
1003 1483 1089 1521 tuis.

158 1548 319 1597 quando
350 1547 472 1597 magis
503 1547 643 1597 dignos
673 1547 783 1585 licuit
813 1555 990 1596 spectare
1019 1547 1274 1598 triumphos?

211 1614 373 1662 quando
404 1612 570 1650 Palatini
600 1613 687 1662 plus
718 1626 894 1650 meruere
924 1612 1020 1650 dei?

158 1677 356 1728 pulchrior
385 1686 422 1715 et
453 1677 577 1715 maior
607 1690 686 1727 quo
716 1677 790 1715 sub
820 1679 922 1715 duce
953 1677 1097 1716 Martia
1128 1680 1288 1716 Roma?
1472 1696 1488 1727 5

211 1744 285 1782 sub
315 1755 394 1793 quo
424 1743 582 1781 libertas
612 1743 788 1792 principe
818 1750 926 1781 tanta
955 1743 1059 1781 fuit?

159 1817 216 1847 est
245 1817 378 1847 tamen
408 1810 486 1846 hoc
514 1807 651 1846 vitium
683 1809 753 1847 sed
782 1821 863 1846 non
894 1809 989 1855 leve,
1022 1808 1070 1847 sit
1099 1809 1190 1847 licet
1220 1822 1355 1856 unum,

211 1875 320 1924 quod
350 1873 443 1912 colit
472 1873 640 1923 ingratas
670 1886 819 1924 pauper
851 1873 1053 1912 amicitias.

157 1939 244 1989 quis
273 1938 430 1989 largitur
458 1952 553 1989 opes
581 1938 702 1977 veteri
730 1939 892 1988 fidoque
920 1939 1057 1985 sodali,

211 2012 277 2042 aut
307 2018 425 2053 quem
456 2003 706 2053 prosequitur
734 2016 816 2042 non
845 2003 996 2042 alienus
1027 2006 1176 2054 eques?
1452 2019 1493 2042 10

160 2068 439 2107 Saturnaliciae
468 2068 626 2119 ligulam
658 2068 809 2107 misisse
838 2068 1004 2107 selibrae

213 2134 474 2173 flammarisve
504 2142 618 2184 togae
649 2133 818 2184 scripula
847 2142 929 2172 tota
958 2135 1097 2172 decem

202 2233 301 2264 XVII
328 2233 399 2264 lmh.
419 2233 448 2263 T
509 2245 528 2271 4
553 2232 700 2264 cistisero
711 2232 826 2262 AABA
842 2244 849 2263 z
873 2232 1033 2262 Cistibero
1048 2232 1095 2262 CA
1111 2232 1164 2272 (cs.
1178 2231 1295 2261 Herm.
1306 2230 1395 2263 xxiv.
1412 2232 1492 2269 106;

160 2277 275 2308 Rlzcin.
293 2276 382 2307 Mus.
396 2276 447 2311 liv,
464 2277 546 2317 309)
696 2276 813 2306 XVIII
832 2285 851 2314 5
870 2276 988 2306 uidear
1002 2275 1093 2316 (Lf)
1108 2276 1157 2305 vel
1173 2275 1290 2305 uideor
1303 2274 1422 2314 gPQFJ
1437 2274 1490 2304 BA

163 2331 178 2357 7
205 2321 396 2359 donamque
423 2319 471 2350 CA
605 2320 625 2349 8
650 2325 801 2350 uoratam
818 2319 873 2349 ΒΑ
935 2324 1062 2349 muscat
1095 2318 1143 2349 CA
1276 2328 1297 2357 9
1322 2328 1352 2347 n.
1374 2317 1417 2348 di.
1436 2317 1489 2347 BA

161 2363 246 2393 XIX
269 2363 341 2393 lzab.
366 2363 414 2402 T;
438 2374 487 2395 vv.
509 2363 702 2401 15—19lzab.
721 2363 754 2393 R
884 2374 897 2394 1
925 2362 997 2393 ueri
1017 2362 1066 2393 CA
1192 2371 1211 2400 5
1236 2361 1341 2392 maior
1356 2361 1491 2391 AACA:

162 2406 279 2437 melior
295 2406 349 2436 BA
431 2408 522 2445 quod
541 2407 622 2437 TBA
717 2416 733 2445 7
759 2407 823 2437 hoc
839 2417 904 2437 om.
929 2407 958 2436 T
1047 2407 1150 2435 11-16
1175 2415 1246 2435 nov.
1268 2405 1365 2444 epigr.
1385 2403 1489 2433 BACA

164 2460 201 2480 12
226 2450 316 2481 tolae
337 2448 410 2490 (-le)
430 2449 478 2480 CA
568 2459 586 2479 e
602 2449 768 2480 lamnisue
785 2450 870 2489 Tagi
888 2449 1012 2479 Munro
1100 2449 1185 2490 sen]
1204 2448 1348 2487 reripala
1371 2446 1401 2477 T
