1684 2763
827 136 1083 175 EPIGRAM
1092 138 1292 178 MATON
1326 140 1429 177 LIB.
1462 141 1497 176 X

171 240 348 290 interque
378 254 515 279 raucos
546 240 706 280 ultimus
736 250 934 292 rogatores

170 313 252 344 oret
282 306 442 344 caninas
471 306 583 356 panis
613 306 768 357 inprobi
800 308 954 346 buccas.
1482 330 1499 360 5

170 370 222 408 illi
254 372 477 410 December
505 373 645 421 longus
674 379 713 410 et
742 374 907 411 madens
937 374 1076 412 bruma

169 437 379 486 clususque
408 436 534 475 fornix
563 437 669 475 triste
699 437 817 487 frigus
847 440 1055 477 extendat:

169 509 283 540 vocet
312 502 449 540 beatos
480 502 733 552 clamitetque
762 502 895 541 felices

169 565 383 605 Orciniana
411 567 479 617 qui
508 568 684 606 feruntur
713 567 752 605 in
783 569 948 617 sponda.

168 633 221 669 At
251 644 341 670 cum
372 645 577 681 supremae
607 634 672 670 fila
700 632 877 670 venerint
907 635 1026 672 horae
1464 652 1502 673 10

168 696 332 746 diesque
361 698 506 743 tardus,
537 697 679 735 sentiat
707 710 850 735 canum
880 697 987 736 litem

167 760 378 811 abigatque
409 769 517 800 moto
547 761 682 800 noxias
711 776 801 800 aves
832 776 975 812 panno.

169 827 255 864 Nec
285 826 469 865 finiantur
498 834 624 865 morte
654 827 840 877 supplicis
871 841 1034 877 poenae,

168 892 237 930 sed
267 893 389 930 modo
419 891 541 930 severi
571 899 700 930 sectus
733 892 852 930 Aeaci
883 892 986 939 loris,

168 969 273 994 nunc
302 955 466 1006 inquieti
496 964 631 995 monte
661 956 816 1006 Sisyphi
845 970 1011 1006 pressus,
1463 975 1500 1006 15

167 1035 273 1059 nunc
301 1021 402 1060 inter
430 1022 556 1060 undas
585 1021 725 1071 garruli
756 1022 859 1060 senis
890 1021 1016 1060 siccus

167 1088 336 1125 delasset
365 1086 494 1125 omnis
524 1087 675 1125 fabulas
705 1094 934 1136 poetarum:

167 1159 204 1190 et
234 1165 324 1190 cum
354 1151 464 1190 fateri
496 1151 610 1190 Furia
639 1151 793 1190 iusserit
822 1165 967 1198 verum,

167 1217 359 1266 prodente
389 1218 531 1255 clamet
561 1216 803 1255 conscientia
835 1216 1024 1266 ‘Scripsi.⁷

695 1301 754 1337 VI

168 1370 328 1417 Felices,
361 1370 504 1420 quibus
533 1383 631 1408 urna
659 1369 770 1408 dedit
799 1376 975 1418 spectare
1005 1382 1212 1407 coruscum

220 1435 368 1473 solibus
398 1435 553 1473 Arctois
583 1435 856 1484 sideribusque
885 1436 1039 1473 ducem.

167 1501 329 1549 quando
359 1499 430 1538 erit
460 1499 523 1538 ille
553 1499 637 1538 dies
668 1513 748 1549 quo
779 1512 942 1548 campus
973 1507 1010 1537 et
1040 1499 1155 1537 arbor
1184 1506 1222 1537 et
1252 1499 1380 1537 omnis

220 1565 367 1603 lucebit
398 1564 510 1603 Latia
539 1566 644 1603 culta
672 1566 842 1603 fenestra
870 1566 1003 1602 nuru?

167 1632 328 1679 quando
358 1643 490 1668 morae
519 1631 655 1668 dulces
685 1631 905 1680 longusque
934 1643 957 1668 a
987 1630 1154 1669 Caesare
1184 1629 1309 1679 pulvis
1481 1647 1497 1676 5

219 1702 380 1745 totaque
411 1694 604 1733 Flaminia
634 1696 765 1733 Roma
793 1695 965 1733 videnda
993 1694 1087 1732 via?

166 1761 327 1809 quando
357 1773 477 1809 eques
508 1767 546 1798 et
575 1759 669 1809 picti
700 1759 834 1798 tunica
864 1759 1041 1798 Nilotide
1074 1759 1203 1797 Mauri

220 1825 326 1863 ibitis
356 1833 394 1864 et
424 1825 561 1875 populi
591 1838 665 1863 vox
696 1824 767 1863 erit
796 1838 875 1863 una
907 1824 1108 1863 ‘Venit⁷?

672 1913 755 1950 VII

275 1984 549 2032 Nympharum
579 1990 689 2031 pater
717 1981 986 2031 amniumque,
1020 1983 1172 2028 Rhene,

273 2044 514 2094 quicumque
543 2044 731 2093 Odrysias
761 2044 903 2082 bibunt
931 2044 1101 2093 pruinas,

274 2108 328 2146 sic
358 2122 512 2158 semper
540 2108 699 2158 liquidis
730 2108 865 2146 fruaris
896 2108 1012 2146 undis

211 2222 229 2248 4
254 2210 389 2241 ultimos
412 2210 442 2240 T
562 2220 581 2248 5
605 2211 725 2241 canina
740 2210 793 2240 BA
874 2212 975 2242 bacas
998 2211 1074 2251 T(a
1085 2215 1148 2251 pro
1164 2211 1200 2244 u)
1334 2220 1349 2248 7
1376 2210 1496 2240 sornex

165 2253 253 2284 codd.
413 2264 434 2292 9
460 2253 643 2285 Orciuiana
662 2254 721 2292 CA,
739 2255 814 2284 item
833 2258 870 2284 nt
884 2254 947 2285 vid.
964 2254 1019 2284 ΒΑ
1038 2254 1128 2294 (-ini-
1144 2253 1220 2293 ΡΩ)
1311 2253 1343 2283 in
1362 2263 1426 2284 om.
1450 2252 1495 2282 CA

170 2297 315 2336 (sponda
326 2302 387 2336 pro
404 2297 558 2335 isponda.
575 2298 594 2328 i.
608 2307 630 2328 e.
646 2298 679 2327 in
697 2300 739 2335 s.)
828 2308 863 2328 11
883 2308 987 2328 canus
1001 2297 1055 2328 ΒΑ
1070 2297 1155 2338 (-nis
1169 2297 1213 2336 Q)
1300 2298 1338 2326 16
1358 2297 1433 2327 seni
1450 2295 1497 2326 CA

209 2340 255 2370 VI
280 2340 351 2370 1ιηύ.
378 2339 407 2369 T
515 2350 529 2370 1
556 2351 623 2371 una
644 2340 673 2371 T
687 2341 815 2381 (alfort.
835 2341 912 2382 ΑΑ)
932 2341 979 2371 CA
1098 2351 1117 2378 4
1141 2340 1242 2370 latiae
1256 2340 1365 2370 AACA
1477 2349 1495 2376 5

167 2394 260 2414 mora
282 2382 311 2413 T
373 2384 477 2414 duces
495 2383 541 2414 CA
618 2395 636 2414 a
652 2395 717 2415 om.
738 2384 787 2415 CA
934 2386 955 2414 6
978 2389 1049 2415 tota
1067 2384 1128 2424 (E)
1146 2384 1195 2414 vel
1209 2387 1345 2423 totaque
1364 2382 1427 2423 (X)
1447 2381 1495 2413 CA

208 2426 272 2457 VII
302 2436 315 2456 1
341 2426 560 2466 omniumque
578 2426 627 2458 CA
