1684 2715
725 97 1048 137 PRAEFATIO

221 205 397 257 plurimis
424 206 520 245 locis
545 215 753 246 correctus.
818 207 1062 258 Exemplaris
1082 207 1299 260 (archetypi
1325 208 1428 260 CQ)
1448 209 1554 247 unde

221 271 441 321 descriptus
476 280 533 310 est
567 273 733 311 formam
772 273 920 312 indicat
957 273 1208 324 transpositio
1243 274 1369 325 (nullo
1406 273 1554 312 indicio

221 336 389 387 signata)
410 337 528 387 partis
548 337 635 376 libri
657 338 737 376 IIIi
757 338 860 389 (xxii.
882 338 1022 377 1-lxiii.
1044 339 1096 389 4),
1119 352 1220 389 quae
1240 347 1330 389 post
1350 340 1386 376 V
1406 338 1509 377 lxvii.
1532 350 1551 388 5

222 401 279 451 (in
300 402 414 440 tertio
430 416 541 441 versu
563 402 644 442 folii
665 405 715 450 48
730 403 776 453 r.)
797 405 929 442 locum
950 404 1080 442 habet.
1130 405 1283 443 Eadem
1304 402 1555 454 transpositio

221 467 260 505 in
282 466 389 506 libris
410 467 608 518 impressis
628 468 778 519 aliquot
807 477 968 519 apparet
989 468 1054 519 (cf.
1077 469 1221 521 supra).
1282 469 1362 507 Hic
1386 468 1464 507 illic
1490 469 1556 507 ad-

222 532 364 583 scripta
385 541 475 571 sunt
495 533 533 570 in
557 533 729 584 margine
749 535 873 581 scribe,
896 540 1038 582 vertas,
1053 536 1143 572 haec
1159 535 1288 582 scribe,
1308 540 1437 572 uertas
1456 535 1553 581 haec,

223 599 329 637 unde
358 598 501 648 colligo
534 598 714 637 codicem
749 607 926 637 nostrum
961 599 1000 637 in
1031 599 1176 638 scholis
1206 613 1291 638 esse
1318 592 1552 638 adhibitum.

224 663 356 701 Primo
377 663 635 713 quaternione
656 663 801 702 amisso
822 666 948 703 codex
968 678 1074 703 nunc
1095 664 1232 714 incipit
1253 678 1299 703 ex
1320 666 1338 703 Ι
1359 664 1451 703 lviii.
1475 676 1508 715 5.

276 728 531 778 V(aticanus)
571 728 651 778 (lat.
694 730 827 779 3294),
875 729 968 767 olim
1015 731 1070 766 ‘T
1073 729 1215 767 hadaei
1262 729 1423 779 Ugoleti
1470 731 1557 767 Par-

225 793 369 831 mensis
383 794 419 840 ¹‚’
457 807 479 831 a
518 807 598 843 quo
635 795 685 832 ad
727 794 909 832 Fulvium
949 794 1141 834 Ursinum
1180 794 1366 844 pervenit,
1407 793 1558 833 codex²

225 873 274 908 99
319 858 513 901 foliorum,
562 872 661 897 saec.
709 861 767 897 XO
804 868 981 898 exaratus
1027 867 1095 898 est.
1174 859 1346 897 Plurima
1393 858 1558 898 correxit

224 937 364 962 manus
394 937 492 962 saec.
516 926 592 962 XV
595 922 602 949 ῐ
626 924 690 975 (V
695 924 735 974 ²),
768 938 869 974 quae
899 925 1017 963 etiam
1048 926 1281 975 Spectacula
1310 932 1348 963 et
1377 924 1453 963 alia
1481 924 1558 974 epi-

223 997 439 1039 grammata
473 1003 574 1039 quae
608 991 769 1028 deerant
803 989 968 1028 addidit.
1043 992 1157 1028 Haec
1196 989 1350 1028 novicia
1388 989 1554 1039 neglexi.

190 1043 194 1046 “
226 1054 444 1104 Imaginem
473 1054 685 1104 scripturae
709 1055 899 1104 praestitit
927 1055 1135 1094 Chatelain
1163 1054 1270 1105 (Pal.
1302 1056 1425 1094 Class.
1452 1056 1555 1102 Lat„

224 1119 301 1156 tab.
347 1118 463 1169 152);
509 1118 697 1157 lectiones
737 1120 946 1157 nonnullas
987 1121 1147 1169 Maleyn
1186 1119 1225 1157 in
1264 1118 1397 1158 libello
1442 1132 1558 1169 supra

225 1192 453 1230 memorata
476 1185 583 1222 unde
612 1183 761 1234 patebit
791 1184 964 1234 peiorem
992 1198 1077 1222 esse
1102 1192 1241 1222 testem
1274 1185 1440 1234 unam
1460 1185 1555 1222 EA,

223 1263 258 1288 V.
275 1263 310 1299 g.
343 1250 401 1286 IX
422 1263 479 1286 xx.
511 1263 532 1298 3
561 1250 624 1293 (cf.
655 1249 786 1300 supra)
812 1249 968 1298 Ofelix
996 1251 1175 1298 quantis;
1204 1250 1263 1287 XI
1286 1248 1410 1286 lxxxii.
1434 1262 1458 1295 4
1479 1249 1562 1287 Per

223 1315 426 1363 longasque
436 1321 564 1363 preces
583 1328 653 1364 pro
667 1316 849 1364 Praeceps
860 1321 936 1363 per
949 1316 1084 1363 longos
1097 1329 1106 1362 3
1136 1316 1220 1352 XII
1238 1314 1312 1352 lvii.
1334 1328 1354 1363 3
1371 1314 1562 1362 cogitandi

217 1387 316 1429 pars
346 1393 415 1429 pro
441 1380 633 1429 cogitandi
658 1381 801 1429 Sparse
833 1379 1069 1429 (cogitandis
1099 1393 1187 1429 pars
1218 1378 1315 1430 ΕΛ),
1345 1380 1444 1416 XIV
1468 1378 1557 1416 xviii

225 1456 375 1482 ARCVLI
397 1458 467 1494 pro
491 1456 666 1482 Kichvm
690 1444 886 1495 (HAchm
914 1446 994 1483 ΟΛ).

279 1509 359 1559 Qui
391 1518 575 1559 quattuor
607 1509 776 1556 codices,
804 1510 923 1548 EXA
939 1511 976 1556 V,
1003 1523 1094 1547 cum
1125 1508 1319 1547 sufficiant
1349 1509 1398 1546 ad
1428 1509 1560 1546 arche-

224 1575 304 1625 typi
326 1574 380 1614 CA
395 1583 623 1614 contextum
638 1574 919 1625 indagandum,
934 1575 1098 1613 aliorum
1114 1582 1246 1612 tamen
1260 1573 1375 1612 huius
1389 1572 1559 1612 familiae

224 1640 407 1679 codicum
439 1654 726 1690 nonnunquam
755 1640 999 1678 mentionem
1030 1640 1068 1677 in
1098 1647 1287 1689 apparatu
1314 1638 1449 1677 critico
1470 1637 1555 1686 feci,

224 1705 450 1756 praesertim
473 1705 598 1743 sicubi
621 1707 810 1743 Italorum
833 1705 1078 1743 coniecturas
1098 1704 1436 1754 anticipaverunt:

277 1770 456 1817 Epored
478 1769 630 1820 (iensis)
653 1770 681 1820 (⁴
697 1770 845 1819 Ivrea’)
867 1769 1083 1819 fragmenti,
1107 1782 1206 1807 saec.
1230 1767 1314 1815 XF,
1338 1769 1447 1817 quod
1468 1780 1558 1806 con—

224 1835 321 1873 tinet
342 1836 448 1873 XIII
471 1835 558 1873 i-cx
580 1836 643 1883 (cf.
669 1836 802 1881 Goetz‚
828 1836 968 1873 Locwe
989 1834 1027 1871 in
1052 1835 1199 1883 ‘Lelpm
1225 1835 1347 1873 stud)
1372 1833 1502 1883 1878),

279 1900 324 1947 B,
348 1900 533 1938 Vossiani
554 1899 760 1938 Leidensis
781 1900 848 1949 (Q.
877 1899 979 1949 121),
1003 1912 1101 1937 saec.
1125 1897 1233 1945 XIF,
1258 1898 1322 1949 (cf.
1346 1897 1559 1937 Schneide-

224 1965 298 2003 win
320 1964 358 2002 in
380 1966 497 2015 praef.
521 1979 556 2014 p.
580 1965 712 2015 lxxiii),

279 2029 489 2080 G(udiani)
520 2028 934 2068 Wolsenbuettelensis
965 2028 1088 2079 (157),
1122 2041 1221 2066 saec.
1253 2025 1361 2074 X11i,
1393 2026 1434 2064 in
1463 2039 1554 2076 quo,

226 2093 372 2132 amisso
393 2094 662 2143 quaternione,
685 2096 722 2132 X
743 2096 877 2132 v—XII
901 2093 1001 2132 lxxix
1022 2106 1127 2131 nunc
1148 2092 1434 2139 desiderantur,

279 2159 321 2205 C,
355 2159 536 2197 Vossiani
571 2159 775 2198 Leidensis
805 2160 854 2210 <F
869 2159 947 2210 89),
982 2171 1081 2197 saec.
1114 2155 1236 2204 XIV5‚
1269 2155 1417 2195 codicis
1447 2155 1558 2194 initio

574 2294 580 2311 ¹
606 2295 658 2326 Cf.
678 2295 835 2327 Politian.
853 2295 1031 2325 Miscellan.
1052 2293 1143 2324 xxiii.

573 2347 584 2364 ²
608 2347 658 2378 Cf.
679 2347 815 2387 Maleyn
834 2346 1064 2388 &Mam-inlust
1082 2354 1153 2384 cap.
1173 2343 1221 2384 ii).
