1684 2763
220 139 277 176 M.
308 139 430 176 VAL.
462 139 774 177 MARTIALIS

219 250 286 287 dat
315 251 495 299 populus,
527 250 594 288 dat
622 256 752 299 gratus
782 262 913 299 eques,
945 250 1013 288 dat
1042 258 1126 288 tura
1154 259 1324 299 senatus,

271 321 310 351 et
339 313 464 352 ditant
494 313 625 351 Latias
654 312 766 351 tertia
793 314 900 351 dona
927 313 1073 352 tribus:

218 379 291 416 hos
320 391 479 428 quoque
508 385 677 416 secretos
708 378 937 416 memoravit
968 380 1098 417 Roma
1127 379 1358 431 triumphos,
1523 396 1541 428 5

272 455 345 481 nec
375 442 502 481 minor
530 442 603 481 ista
631 450 720 480 tuae
748 444 879 481 laurea
907 442 1013 493 pacis
1042 451 1136 492 erat,

219 509 326 556 quod
356 507 426 546 tibi
455 509 505 546 de
534 515 669 545 sancta
697 507 822 545 credis
850 507 995 557 pietate
1023 515 1192 547 tuorum.

275 572 465 622 Principis
495 580 553 610 est
583 571 701 610 virtus
732 571 901 609 maxima
929 585 1045 610 nosse
1074 586 1177 611 suos.

725 655 823 691 XVI

326 724 453 762 Pistor
481 722 547 773 qui
576 724 702 761 fueras
731 723 810 770 diu,
842 724 1005 773 Cypere,

324 801 461 826 causas
490 801 596 826 nunc
624 787 705 838 agis
735 795 773 826 et
802 789 957 826 ducena
986 788 1166 838 quaeris:

325 855 394 892 sed
424 853 624 891 consumis
654 861 691 891 et
721 866 846 902 usque
875 853 1074 892 mutuaris.

325 919 360 955 A
389 917 545 967 pistore,
578 918 740 967 Cypere,
773 930 853 955 non
882 917 1058 956 recedis:

325 990 362 1021 et
392 996 534 1032 panem
563 982 659 1020 facis
687 989 725 1021 et
754 982 848 1020 facis
877 982 1051 1020 farinam.

710 1066 831 1102 XVII

220 1134 302 1185 Egi,
335 1137 460 1181 Sexte,
492 1142 598 1173 tuam
629 1142 765 1184 pactus
794 1136 875 1173 duo
904 1134 1010 1172 milia
1039 1148 1208 1173 causam.

270 1199 408 1237 misisti
438 1212 621 1237 nummos
651 1200 759 1248 quod
789 1199 884 1236 mihi
915 1199 1019 1237 mille
1049 1199 1145 1248 quid
1175 1201 1264 1238 est?

221 1263 418 1302 ‘Narrasti
448 1263 566 1301 nihil’
595 1263 724 1313 inquis
756 1266 815 1302 ‘et
844 1277 866 1301 a
895 1271 932 1302 te
962 1263 1112 1313 perdita
1141 1277 1258 1302 causa
1287 1266 1369 1302 est.'

271 1331 402 1367 Tanto
430 1330 517 1378 plus
547 1329 680 1376 debeS,
711 1330 836 1375 Sexte,
869 1330 976 1378 quod
1006 1329 1154 1367 erubui.

698 1411 843 1448 XVIII

218 1481 256 1519 Si
287 1489 362 1528 tua,
395 1479 556 1527 Cerrini,
588 1493 743 1530 promas
773 1480 1053 1530 epigrammata
1080 1481 1207 1531 vulgo,

271 1548 331 1584 vel
361 1559 514 1584 mecum
546 1544 672 1595 possis
701 1546 761 1583 vel
791 1545 895 1595 prior
923 1545 1005 1595 ipse
1035 1545 1135 1595 legi:

218 1613 286 1649 sed
317 1610 386 1649 tibi
417 1618 547 1648 tantus
577 1610 677 1648 inest
705 1609 844 1648 veteris
873 1618 1071 1659 respectus
1099 1609 1215 1648 amici

272 1675 395 1713 carior
424 1682 465 1712 ut
496 1688 582 1712 mea
612 1674 659 1712 sit
689 1688 807 1724 quarn
838 1682 903 1712 tua
932 1676 1035 1712 sarna
1064 1674 1146 1712 tibi.

218 1740 272 1778 sic
304 1741 417 1777 Maro
447 1752 519 1777 nec
550 1739 705 1778 Calabri
735 1739 939 1788 temptavit
969 1739 1142 1777 carmina
1172 1738 1312 1784 Flacci,
1524 1756 1541 1787 5

273 1803 500 1842 Pindaricos
530 1810 663 1841 nosset
692 1816 781 1841 cum
813 1817 993 1852 superare
1024 1805 1176 1850 modos,

219 1878 256 1907 ct
286 1869 404 1907 Vario
434 1868 549 1906 cessit
580 1868 751 1906 Romani
780 1869 897 1906 laude
926 1868 1119 1915 cothurni,

272 1947 362 1971 cum
392 1940 524 1983 posset
555 1932 699 1982 tragico
729 1932 865 1970 fortius
895 1946 961 1971 ore
990 1932 1108 1981 loqui.

220 2001 369 2037 Aurum
399 2005 437 2035 et
466 2011 561 2046 opes
591 2005 628 2035 et
658 2010 744 2034 rura
772 1998 954 2046 frequens
984 1997 1148 2035 donabit
1176 1996 1351 2034 amicus:

272 2063 338 2112 qui
367 2061 459 2100 velit
488 2061 645 2111 ingenio
673 2063 813 2099 cedere
842 2074 947 2099 rarus
976 2060 1057 2099 erit.
1503 2078 1541 2100 10

1522 1001 1539 1031 (11

263 2164 326 2195 XV
350 2175 369 2202 4
386 2164 486 2195 latiae
499 2163 546 2194 CA
635 2172 655 2202 5
680 2163 877 2194 memorabit
889 2163 942 2193 BA
957 2174 963 2194 :
990 2162 1186 2193 memorauit
1204 2161 1253 2193 CA
1338 2163 1359 2192 6
1384 2163 1448 2194 erit
1464 2163 1517 2194 BA
1533 2176 1540 2195 :

220 2213 291 2239 erat
303 2207 351 2238 CA
438 2208 459 2237 8
476 2207 618 2237 maxima
635 2207 724 2246 (Lf)
738 2207 786 2236 vel
797 2207 942 2237 maxime
957 2207 1047 2246 (ΡΩ)
1062 2206 1134 2236 BA:
1151 2205 1294 2236 maxima
1309 2205 1372 2245 (A)
1387 2207 1436 2237 vel
1447 2217 1540 2237 max-

221 2253 285 2282 ime
302 2249 362 2289 (Ε)
383 2249 455 2280 CA:
480 2251 622 2280 maxima
639 2261 677 2280 ex
693 2250 837 2280 maxime
854 2250 888 2279 D
1034 2249 1114 2279 XVI
1140 2259 1158 2287 4
1176 2248 1207 2278 A
1228 2249 1289 2289 (E)
1307 2250 1357 2279 vel
1369 2249 1395 2279 E
1414 2249 1478 2290 (X)
1491 2250 1540 2281 CA

222 2305 241 2334 5
265 2295 413 2333 rapinam
431 2293 484 2323 BA
501 2304 507 2324 :
531 2293 670 2323 farinam
689 2293 738 2323 CA
884 2292 983 2323 XVII
1007 2292 1080 2322 lzab.
1102 2292 1131 2322 T
1193 2303 1212 2322 2
1234 2292 1314 2331 quid
1328 2292 1406 2323 &CA
1423 2297 1460 2323 ut
1473 2293 1537 2324 vid.

224 2338 317 2377 (quid
335 2342 386 2367 est
403 2336 481 2375 EA,
505 2337 638 2376 quidem
656 2335 770 2376 XBC)
1011 2335 1127 2366 XVIII
1153 2346 1200 2366 vv.
1229 2337 1298 2373 1—6‚
1317 2346 1404 2374 9-10
1418 2336 1490 2367 hab.
1516 2337 1545 2367 T

224 2392 235 2411 1
265 2381 320 2411 Sic
339 2380 387 2410 CA
506 2390 526 2410 2
550 2379 660 2419 poscis
676 2379 729 2408 ΒΑ
847 2380 868 2409 6
892 2378 998 2418 possit
1014 2379 1073 2409 ΑΑ
1091 2381 1169 2418 (pm
1186 2383 1302 2417 posset
1312 2379 1336 2417 ἓ)
1357 2379 1408 2417 (cs.
1429 2390 1456 2411 v.
1475 2380 1534 2420 8):

221 2428 338 2455 nosset
355 2423 461 2454 BACA
591 2433 612 2464 9
637 2422 773 2453 donauit
791 2422 839 2453 CA
860 2423 949 2463 (cum
965 2420 995 2451 L
1010 2426 1084 2453 ante
1099 2422 1195 2462 corr.)
1211 2422 1247 2463 (τ’.
1258 2432 1281 2453 e.
1301 2422 1375 2463 -bit)
