1684 2763
841 128 1051 167 EPIGRA
1059 131 1099 167 M
1109 131 1310 169 MATON
1342 133 1444 170 LII-1.

191 236 349 284 deinde,
382 239 490 287 quod
522 239 620 277 haec
650 253 729 278 una
758 240 908 290 peragit
937 241 1115 281 librarius
1145 245 1254 289 hora,

244 316 317 340 nec
347 310 498 341 tantum
531 304 643 353 nugis
675 305 814 344 serviet
844 306 908 344 ille
939 307 1059 355 meis3

189 367 300 405 tertia
330 381 390 406 res
420 370 518 407 haec
549 377 617 416 est,
650 371 759 419 quod
790 370 819 408 si
851 371 912 409 cui
944 374 1042 411 forte
1071 373 1220 423 legeris,

243 432 293 470 sis
323 433 413 472 licet
443 448 568 484 usque
598 436 735 482 malus,
770 450 850 475 non
881 437 1043 476 odiosus
1074 439 1161 477 eris.

188 506 225 536 te
255 498 421 537 conviva
447 501 548 549 leget
578 500 700 539 mixto
730 501 965 551 quincunce,
998 505 1067 541 sed
1097 512 1189 542 ante

241 562 403 613 incipiat
432 564 582 614 positus
613 579 731 616 quam
763 567 935 617 tepuisse
964 568 1074 606 calix.

190 630 288 667 Esse
318 628 389 667 tibi
421 637 529 668 tanta
559 639 697 669 cautus
728 632 918 672 brevitate
947 633 1120 672 videris?

244 693 290 731 Ei
321 693 428 742 mihi,
462 709 580 745 quam
613 696 744 734 multis
775 697 830 735 sic
860 712 1020 748 quoque
1050 701 1189 749 longus
1219 700 1319 739 eris!

729 769 770 805 ΙΙ

188 828 305 864 freta
334 826 444 865 dedit
474 842 673 878 magnum,
706 829 832 868 maius
862 831 972 869 dedit
1002 831 1133 870 Africa
1163 847 1321 880 nomen,

243 891 375 941 Scipio
405 894 515 942 quod
544 893 668 931 victor
697 896 886 945 quodque
918 898 1104 935 Metellus
1135 899 1279 945 habet;

187 956 358 994 nobilius
388 957 542 996 domito
572 958 707 997 tribuit
737 961 950 999 Germania
986 963 1141 1008 Rheno,

241 1029 279 1059 et
308 1035 405 1072 puer
434 1024 510 1061 hoe
531 1023 684 1073 *dignus
714 1025 888 1073 nornine,
922 1027 1085 1074 Caesam,
1110 1041 1205 1066 eras.

186 1087 301 1125 frater
331 1089 546 1127 Idumaeos
576 1089 717 1127 meruit
749 1104 839 1128 curn
870 1098 979 1141 patre
1009 1092 1241 1142 triumphos,

241 1166 342 1202 quae
372 1154 486 1191 datur
516 1168 562 1192 ex
592 1154 748 1194 Chattis
777 1157 921 1204 laurea,
953 1165 1036 1195 tota
1065 1165 1131 1196 tua
1161 1167 1232 1196 est.

714 1230 780 1267 III

187 1290 311 1335 Sexte,
345 1289 441 1327 nihil
471 1291 606 1338 debes,
638 1290 692 1329 nil
722 1292 855 1339 debes,
889 1294 1017 1340 Sexte,
1046 1294 1225 1332 fatemur.

191 1360 193 1362 ’
222 1354 360 1392 ‘debet
390 1354 507 1402 enini,
541 1355 571 1393 si
602 1356 690 1406 quis
721 1358 883 1404 solvere,
916 1359 1042 1406 Sexte,
1074 1367 1217 1408 potest.

719 1432 779 1468 IV

295 1491 332 1529 O
363 1505 481 1540 quani
513 1492 683 1530 blandus
713 1506 765 1539 es,
799 1494 1020 1541 Ammiane,
1054 1495 1189 1533 matri!

297 1569 416 1605 quam
448 1557 596 1595 blanda
625 1566 683 1595 est
714 1558 784 1596 tibi
815 1566 947 1606 mater,
980 1560 1217 1600 Ammiane!

295 1621 451 1660 fratrem
482 1630 520 1660 te
550 1630 665 1660 vocat
695 1631 732 1661 et
763 1637 871 1661 soror
900 1633 1074 1663 vocatur.

297 1700 365 1724 cur
393 1700 463 1725 vos
493 1687 656 1726 nomina
686 1689 876 1738 nequiora
905 1693 1100 1739 tangunt?

296 1766 415 1801 quare
446 1766 526 1790 non
557 1752 663 1791 iuvat
691 1755 769 1792 hoe
799 1756 907 1804 quod
938 1755 1029 1794 estis
1060 1759 1177 1795 esse?

296 1818 446 1855 Lusum
477 1817 634 1856 creditis
664 1820 742 1857 hoc
771 1819 1014 1870 iocumque?
1072 1823 1164 1860 Non
1195 1830 1277 1861 est:

297 1890 472 1930 matrem,
505 1896 606 1932 quae
635 1884 743 1934 cupit
773 1898 858 1923 esse
887 1899 928 1924 se
958 1899 1142 1934 sororem,

295 1960 369 1985 nec
398 1955 562 1986 matrem
592 1948 698 1987 iuvat
727 1964 813 1988 esse
842 1964 916 1989 nec
946 1965 1130 1990 sororem.

562 2014 565 2017 ⁴
727 2025 764 2059 v

189 2087 250 2123 Ne
279 2087 445 2134 valeam,
475 2086 506 2125 si
535 2101 615 2125 non
646 2088 748 2136 totis,
783 2090 970 2137 Deciane,
1003 2091 1144 2130 diebus

241 2158 279 2188 et
309 2157 440 2189 tecum
471 2152 562 2191 totis
592 2153 777 2191 noctibus
808 2168 893 2193 esse
922 2155 1051 2193 velim.

1227 2066 1269 2086 ρ·

1483 135 1518 170 11

1485 589 1523 609 10

233 2253 245 2283 1
271 2265 290 2293 5
316 2256 446 2294 peragit
464 2256 603 2287 AABA:
629 2262 769 2297 peraget
792 2258 841 2289 CA
974 2269 991 2298 7
1017 2260 1150 2298 legeres
1172 2261 1221 2292 CA
1352 2262 1371 2291 8
1395 2262 1420 2291 si
1443 2261 1517 2291 licet

191 2298 239 2327 CA
256 2301 292 2327 ut
307 2298 370 2329 vid.

233 2340 264 2370 II
288 2341 361 2373 hab.
386 2342 417 2372 T
552 2353 573 2382 3
597 2344 731 2375 domino
752 2345 800 2375 CA
943 2356 961 2384 4
987 2347 1142 2388 nomine]
1170 2359 1310 2378 munere
1331 2349 1425 2388 prins
1447 2348 1519 2377 <cri-

183 2388 297 2424 psemt
313 2385 367 2414 ΒΑ
749 2388 797 2418 ΙΙΙ
822 2387 896 2419 hab.
917 2389 951 2418 R

234 2427 281 2457 IV
306 2439 323 2467 7
349 2434 488 2460 matrem
506 2430 582 2461 BA:
606 2436 714 2461 mater
733 2431 782 2462 CA
848 2442 885 2462 se
902 2443 968 2463 om.
991 2432 1047 2462 BA

232 2471 263 2500 V
285 2471 359 2501 lmb.
383 2471 413 2502 T
539 2484 558 2503 2
577 2479 653 2514 post
669 2485 698 2506 v.
721 2486 739 2513 4
759 2478 794 2504 ut
809 2476 874 2506 vid.
896 2476 946 2506 CA
