1684 2763
794 146 1263 187 EPIGRAMMATON
1295 149 1347 185 LI
1358 150 1397 186 Β.
1431 151 1466 186 X

647 257 741 294 LXI

140 337 218 375 Hic
247 337 428 376 festinata
456 337 665 388 requiescit
694 338 859 377 Erotion
889 340 1040 386 umbra,

190 402 353 441 crimine
382 416 501 453 quam
531 403 598 442 fati
628 411 735 442 sexta
764 404 929 454 peremit
958 404 1095 443 hiems.

137 467 314 517 quisquis
344 468 417 506 eris
446 469 568 507 nostri
598 477 687 520 post
718 483 781 508 me
810 478 991 520 regnator
1019 470 1145 521 agelli,

191 533 373 571 manibus
402 534 549 584 exiguis
577 548 710 573 annua
738 534 839 573 iusta
868 537 985 574 dato:

138 598 192 636 sic
221 599 299 636 lare
328 607 530 649 perpetuo,
562 600 617 638 sic
646 600 760 638 turba
789 600 935 650 sospite
965 602 1070 640 solus

192 663 331 701 flebilis
362 664 400 702 in
430 672 530 703 terra
558 664 605 703 sit
634 665 732 715 lapis
761 665 833 704 iste
862 673 939 704 tua.

640 771 759 808 LXII

141 851 243 890 Ludi
273 851 465 901 magister,
496 865 612 902 parce
641 851 810 902 simplici
839 853 999 890 turbae:

139 916 194 954 sic
224 924 261 955 te
290 908 514 966 frequentes
543 917 707 955 audiant
735 917 906 967 capillati

140 990 176 1019 et
206 981 398 1020 delicatae
426 981 561 1032 diligat
589 983 732 1020 chorus
762 995 933 1028 mensae,

142 1059 213 1085 nec
243 1047 455 1085 calculator
484 1060 557 1085 nec
587 1047 761 1085 notarius
790 1049 903 1085 velox

142 1111 287 1150 maiore
317 1111 525 1161 quisquam
555 1111 702 1150 circulo
731 1119 950 1150 coronetur.

141 1177 253 1215 albae
282 1178 397 1215 leone
427 1178 612 1215 flammeo
642 1179 770 1216 calent
799 1179 907 1215 luces

142 1250 365 1292 tostamque
394 1243 546 1281 fervens
577 1242 701 1280 Iulius
731 1242 865 1292 coquit
895 1255 1075 1281 messem.

142 1307 279 1346 cirrata
306 1307 397 1346 loris
427 1307 593 1346 horridis
623 1309 791 1357 Scythae
819 1307 942 1357 pellis,

143 1386 220 1423 qua
248 1373 446 1423 vapulavit
476 1375 653 1422 Marsyas
684 1373 939 1419 Celaenaeus‚

144 1440 367 1488 ferulaeque
396 1438 534 1485 tristes,
567 1446 719 1488 sceptra
748 1439 1077 1488 paedagogorum,

144 1511 298 1542 cessent
328 1511 366 1542 et
396 1505 492 1541 Idus
522 1503 720 1542 dormiant
749 1502 789 1540 in
819 1503 1038 1541 Octobres:

144 1576 291 1608 aestate
320 1568 429 1619 pueri
460 1568 491 1607 si
521 1570 661 1614 valent,
694 1568 785 1606 satis
815 1568 983 1606 discunt.

630 1668 771 1705 LXIII

147 1753 347 1788 Marmora
375 1762 492 1800 parva
522 1749 683 1799 quidem
713 1742 783 1787 sed
813 1762 894 1787 non
923 1761 1090 1794 cessura,
1122 1747 1255 1795 viator,

201 1814 372 1853 Mausoli
404 1814 504 1853 saxis
534 1814 864 1864 pyramidumque
893 1813 999 1863 legis.

150 1879 214 1918 Bis
244 1893 333 1918 mea
362 1881 547 1917 Romano
577 1886 752 1928 spectata
782 1885 839 1916 est
869 1877 947 1915 vita
975 1879 1150 1915 Tarento

201 1953 238 1983 et
268 1944 365 1982 nihil
394 1952 587 1982 extremos
616 1943 787 1993 perdidit
816 1950 907 1981 ante
935 1956 1073 1992 rogos:

148 2009 323 2060 quinque
352 2009 462 2048 dedit
490 2022 644 2059 puerOS‚
675 2008 841 2047 totidem
872 2007 967 2045 mihi
998 2009 1102 2045 Iuno
1130 2007 1291 2057 puellas,

201 2077 399 2114 cluserunt
428 2087 567 2112 omnes
596 2073 745 2112 lumina
774 2081 907 2112 nostra
936 2086 1086 2111 manus.

149 2139 311 2189 contigit
340 2147 378 2177 et
407 2139 569 2177 thalami
597 2138 693 2177 mihi
721 2138 844 2188 gloria
871 2152 955 2176 rara
983 2137 1133 2187 fuitque

204 2218 281 2243 una
310 2204 523 2255 pudicitiae
553 2206 727 2244 mentula
755 2212 850 2244 nota
878 2217 1000 2242 meae.

239 2307 316 2338 LXI
343 2318 361 2337 2
386 2318 483 2347 quarn
500 2307 573 2338 Ital.
593 2319 600 2339 ε
625 2318 723 2348 quern
740 2307 807 2339 cod.

241 2351 337 2381 LXII
362 2362 412 2383 vv.
433 2361 533 2382 10-11
559 2351 632 2382 lzab.
659 2351 688 2381 T

240 2394 355 2425 LXIII
381 2405 400 2424 2
424 2394 510 2433 legis
525 2395 600 2426 Ital.
621 2406 628 2425 :
651 2394 748 2434 leges
764 2393 829 2425 cod.
851 2394 920 2433 mle.
940 2393 1018 2433 ηεξ)

1437 1454 1475 1475 10
