1684 2763
771 137 1237 176 EPIGRAMMATON
1270 138 1372 176 LIB.
1407 140 1441 175 X

616 249 715 285 XXI

109 330 286 369 Scribere
316 337 353 368 te
383 343 484 379 quae
513 329 575 368 vix
604 329 803 379 intellegat
832 329 914 379 ipse
946 331 1155 368 Modestus

163 403 201 434 et
230 395 291 433 vix
321 396 511 434 Claranus
541 395 637 445 quid
666 408 772 445 rogo,
804 396 930 442 Sexte,
962 394 1096 433 iuvat?

110 478 190 504 non
221 466 365 504 lectore
395 465 471 503 tuis
501 479 600 516 opus
631 472 688 504 est
718 466 788 504 sed
818 465 1004 515 Apolline
1034 466 1164 504 libris:

163 530 293 569 iudice
323 538 360 568 te
390 530 514 569 maior
543 530 674 570 Cinna
703 532 870 569 Marone
899 530 981 569 fuit.

110 595 173 634 Sic
203 603 269 633 tua
298 597 507 634 laudentur
536 609 656 635 sane:
696 609 784 634 mea
813 595 996 643 carmina,
1030 597 1155 642 Sexte,
1426 613 1442 643 5

160 660 423 709 grammaticis
453 662 645 710 placeant,
678 668 719 699 ut
749 660 832 699 sine
862 660 1136 710 grammaticis,

608 761 730 797 XXII

111 841 191 879 Cur
221 840 414 890 spleniato
444 854 560 891 saepe
590 842 779 891 prodeam
810 849 944 879 mento

109 905 246 943 albave
276 905 380 955 picta
410 919 504 944 sana
533 906 640 943 labra
670 919 836 952 cerussa,

112 969 299 1017 Philaeni,
332 970 518 1020 quaeris?
557 970 707 1009 basiare
737 978 774 1009 te
805 972 909 1010 nolo.

592 1067 739 1104 XXIII

112 1143 196 1180 Iam
227 1150 406 1180 numerat
435 1141 593 1192 placido
622 1141 713 1181 felix
742 1142 941 1180 Antonius
971 1156 1068 1181 aevo

163 1207 393 1257 quindecies
422 1214 528 1245 actas
559 1207 712 1245 Primus
743 1207 1001 1258 Olympiadas

109 1272 417 1322 praeteritosque
446 1272 531 1311 dies
560 1280 599 1311 et
628 1280 733 1311 tutos
763 1272 920 1322 respicit
949 1286 1075 1312 annos

163 1351 236 1376 nec
266 1337 406 1376 metuit
435 1339 580 1376 Lethes
610 1337 687 1376 iam
717 1337 910 1388 propioris
939 1351 1072 1388 aquas.

109 1404 217 1441 nulla
245 1403 466 1441 recordanti
496 1404 561 1441 lux
590 1411 648 1441 est
677 1403 826 1453 ingrata
854 1402 1060 1454 gravisque
1075 1418 1084 1450 3
1426 1422 1442 1451 5

164 1469 271 1506 nulla
299 1468 371 1506 fuit
400 1468 511 1507 cuius
541 1482 622 1506 non
653 1468 880 1506 meminisse
909 1468 1012 1506 velit.

110 1533 287 1583 Ampliat
315 1533 453 1572 aetatis
483 1533 652 1583 spatium
683 1532 757 1571 sibi
786 1533 843 1571 vir
872 1534 1024 1572 bonus:
1064 1534 1140 1572 hoc
1170 1541 1227 1572 est

163 1598 292 1637 vivere
322 1598 392 1645 bis,
425 1597 504 1637 vita
533 1611 649 1649 posse
679 1598 806 1648 priore
836 1598 919 1636 frui.

604 1699 745 1735 XXIV

217 1774 379 1811 Natales
409 1772 506 1810 mihi
535 1772 702 1811 Martiae
733 1774 951 1820 Kalendae,

217 1839 283 1875 lux
311 1837 547 1877 formonsior
576 1837 761 1876 omnibus
793 1837 997 1885 Kalendis,

217 1915 296 1952 qua
325 1902 486 1941 mittunt
515 1902 611 1940 mihi
641 1916 784 1941 munus
814 1910 853 1941 et
881 1904 1046 1953 puellae,

217 1967 571 2018 quinquagensima
599 1968 679 2006 liba
707 1968 997 2019 septimamque

217 2033 353 2071 vestris
381 2033 565 2072 addimus
595 2035 697 2072 hanc
727 2033 824 2072 focis
854 2047 1037 2072 acerram.
1425 2049 1441 2079 5

154 2135 238 2166 XXI
267 2146 280 2166 1
306 2146 460 2176 quaeque
479 2136 588 2177 (ElA)
607 2137 657 2167 vel
670 2147 755 2176 quae
777 2137 826 2167 CA
957 2147 986 2176 2,
1005 2146 1025 2176 5
1051 2136 1163 2175 crispe
1180 2136 1257 2166 BA:
1282 2141 1378 2166 sexte
1397 2136 1443 2165 (A

109 2189 129 2218 3
153 2179 236 2220 tuis]
256 2184 336 2211 tunc
355 2179 405 2211 CA
492 2181 514 2210 6
537 2185 572 2210 ut
585 2179 663 2211 BA:
687 2185 722 2212 et
741 2180 789 2211 CA
1051 2179 1155 2211 XXII
1184 2190 1198 2210 1
1224 2179 1377 2219 prodiam
1396 2179 1441 2210 CA

111 2233 130 2252 2
154 2222 267 2253 labrae
287 2223 333 2253 CA
346 2228 382 2253 ut
396 2223 458 2254 vid.
553 2234 715 2255 caerusca
734 2224 781 2255 CA
794 2225 873 2265 (pro
892 2223 1043 2259 cerussa)
1202 2233 1222 2261 3
1247 2223 1376 2262 philine
1395 2223 1442 2253 CA

111 2265 230 2305 (sedin
246 2266 356 2296 lemm.
377 2277 425 2297 AD
450 2268 642 2306 PHILENEN)
1028 2267 1150 2297 XXIII
1176 2266 1248 2297 hab.
1285 2266 1314 2296 T
1423 2276 1441 2295 2

110 2314 204 2340 aetas
226 2309 255 2339 T
353 2319 373 2348 3
397 2314 485 2341 totos
495 2311 575 2340 AA:
600 2315 693 2342 tutos
709 2310 818 2341 BACA
923 2321 941 2348 4
967 2311 1070 2341 metui
1093 2310 1139 2341 CA
1159 2314 1196 2340 ut
1210 2309 1273 2340 vid.
1366 2319 1441 2347 pro—

110 2353 223 2392 piores
240 2352 316 2383 BA:
344 2354 531 2393 proprioris
550 2354 598 2385 CA
616 2358 653 2384 ut
668 2354 734 2386 vid.
837 2364 856 2393 5
881 2354 1046 2384 recordati
1066 2354 1115 2384 CA
1281 2352 1399 2382 XXIV
1424 2362 1442 2381 :2

111 2396 344 2427 formosiorum
362 2397 462 2427 nibus
480 2396 529 2427 CA
617 2407 636 2436 3
660 2398 709 2438 et]
728 2409 746 2429 e
769 2398 816 2428 CA
906 2409 923 2436 4
948 2397 1032 2428 libra
1048 2397 1103 2427 BA
1193 2406 1213 2435 5
1238 2397 1298 2426 hac
1318 2395 1365 2426 CA
