1684 2763
204 137 257 172 M.
292 136 411 172 VAL.
446 136 760 174 MARTIALIS

202 246 450 284 commodius
480 246 553 284 nisi
582 248 680 285 forte
710 246 780 285 tibi
810 247 1019 296 potiusque
1048 247 1201 286 videtur

256 310 532 348 Saturnalicias
562 312 736 360 perdere,
768 312 902 358 Varro,
934 325 1064 349 nuces.

682 389 820 425 XXXI

202 457 347 506 Aspice
378 470 495 506 quam
527 457 690 507 placidis
720 457 878 496 insultet
908 459 1020 497 turba
1049 458 1222 497 iuvencis

255 529 292 559 et
324 535 393 559 sua
423 535 541 571 quam
572 522 693 560 facilis
724 523 899 572 pondera
928 531 1059 561 taurus
1088 532 1203 562 amet.

203 586 386 624 commus
416 586 479 623 hic
509 588 656 636 pendet
685 587 859 633 summis,
889 601 1009 636 vagus
1039 588 1102 626 ille
1131 602 1199 637 per
1227 602 1356 626 armos

254 650 371 689 currit
401 659 438 689 et
468 651 506 688 in
537 659 619 689 toto
649 651 808 689 ventilat
836 665 942 689 arma
972 653 1083 690 bove.

200 723 237 753 at
269 715 396 753 feritas
427 716 576 753 inmota
607 715 723 765 riget:
763 730 843 753 non
873 724 975 754 esset
1004 718 1148 755 harena
1511 735 1527 764 ,a

255 780 372 818 tutior
401 788 438 818 et
469 788 647 830 poterant
677 782 807 819 fallere
837 783 953 831 plana
983 782 1114 832 magis.

202 859 272 883 nec
303 845 499 894 trepidant
528 853 669 895 gestus,
702 847 771 884 sed
801 847 851 884 de
880 846 1105 885 discrimine
1135 849 1286 897 palmae

254 924 412 948 securus
443 924 538 960 puer
567 919 625 948 est
655 911 946 960 sollicitumque
976 925 1106 961 pecus

675 994 836 1030 XXXII

201 1062 471 1109 Quadrantem
503 1061 664 1111 Crispus
695 1062 848 1108 tabulis,
882 1062 1079 1109 Faustine,
1109 1063 1299 1112 supremis

255 1139 333 1163 non
363 1126 472 1165 dedit
502 1127 620 1164 uxori.
683 1127 780 1166 ‘Cui
811 1127 920 1165 dedit
950 1129 1093 1177 erg0?'
1150 1128 1242 1165 Sibi.

660 1210 847 1246 XXXIII

201 1279 369 1327 Farpere
399 1278 618 1316 causidicus
649 1280 767 1316 fertur
797 1292 883 1316 mea
913 1278 1110 1316 carmina:
1150 1279 1215 1328 qui
1247 1279 1294 1317 sit

254 1343 409 1381 nescio:
448 1343 478 1380 si
508 1343 643 1390 sciero,
674 1357 745 1381 vae
775 1343 857 1390 tibi,
888 1343 1095 1382 causidice.

671 1427 850 1462 XXXIV

205 1496 319 1532 Hanc
350 1494 430 1541 tibi,
466 1497 610 1533 Fronto
641 1503 759 1545 pater,
791 1495 965 1545 genetrix
998 1496 1187 1542 Flaccilla,
1222 1497 1391 1545 puellam

253 1561 387 1597 oscula
416 1561 656 1598 commendo
685 1560 924 1609 deliciasque
955 1574 1071 1606 meas

202 1626 356 1672 parvola
386 1638 435 1662 ne
465 1624 592 1674 nigras
622 1626 820 1664 horrescat
853 1625 1016 1663 Erotion
1047 1626 1204 1663 umbras

254 1703 399 1738 oraque
429 1690 603 1727 Tartarei
636 1690 859 1740 prodigiosa
888 1691 1005 1729 canis.

202 1751 391 1802 inpletura
422 1754 493 1791 fuit
523 1762 653 1793 sextae
683 1757 804 1793 modo
834 1755 973 1805 frigora
1005 1748 1175 1801 bru‘mae,

255 1818 409 1856 vixisset
440 1818 604 1857 totidem
635 1819 675 1857 ni
706 1820 833 1858 minus
864 1820 927 1857 illa
956 1820 1050 1858 dies.

203 1883 299 1921 inter
329 1891 407 1921 tam
439 1892 587 1922 veteres
618 1885 727 1922 ludat
755 1885 897 1923 lasciva
927 1894 1111 1935 patronos

255 1956 291 1986 et
323 1962 468 1987 nomen
499 1949 633 1987 blaeso
662 1950 801 1999 garriat
831 1964 896 1988 ore
926 1963 1068 1988 meum.

202 2013 332 2051 mollia
362 2027 441 2051 non
472 2013 617 2063 rigidus
646 2028 806 2064 caespes
837 2023 939 2064 tegat
969 2029 1057 2053 ossa
1086 2028 1158 2053 nec
1188 2014 1251 2057 illi,

255 2086 363 2124 terra,
394 2078 518 2128 gravis
549 2078 691 2117 fueris:
734 2093 812 2117 non
843 2080 913 2118 fuit
945 2080 1007 2117 illa
1038 2079 1118 2117 tibi.
1491 2096 1526 2116 ιο

245 2175 364 2204 XXXI
390 2175 463 2206 lmb.
490 2175 518 2205 T
591 2187 610 2205 2
635 2181 701 2206 tam
719 2177 772 2206 ΒΑ
819 2183 907 2207 amat
930 2177 958 2206 T
1063 2187 1082 2215 3
1106 2177 1182 2206 hinc
1200 2176 1247 2206 CA
1324 2187 1339 2215 7
1366 2177 1424 2206 sed
1445 2177 1509 2208 (set

201 2219 242 2248 de
259 2218 388 2249 AABA:
418 2224 451 2248 et
468 2229 511 2248 ne
532 2220 578 2249 CA
625 2229 759 2258 parmas
776 2220 824 2249 CA
928 2220 1083 2250 XXXIII
1109 2221 1180 2250 lmb.
1205 2218 1263 2250 TR
1375 2220 1527 2250 XXXIV

200 2261 272 2291 lmb.
295 2261 354 2290 TR
442 2272 461 2300 3
479 2273 550 2301 sqq.
569 2274 641 2293 nov.
657 2264 751 2302 epigr.
767 2263 874 2294 codd:
900 2274 974 2293 corr.
988 2263 1061 2293 Ital.
1152 2273 1171 2301 3
1197 2262 1335 2302 paruula
1350 2263 1468 2303 (Mola)
1486 2274 1526 2293 ne

201 2304 310 2334 ΑΑΕᾺ
326 2316 330 2334 ;
358 2304 478 2343 pallida
497 2316 558 2334 nec
569 2306 621 2335 BA
726 2316 745 2344 5
769 2312 866 2336 sexto
884 2311 920 2336 nt
938 2306 998 2336 vid.
1019 2307 1078 2335 ΑΛ
1181 2308 1202 2335 6
1227 2317 1268 2336 ne
1286 2306 1397 2336 AACA
1510 2317 1525 2344 7

201 2348 266 2387 i.t.]
288 2348 420 2378 interim
439 2348 487 2378 CA
506 2354 584 2388 (pro
602 2349 764 2389 interiam,
788 2350 874 2389 Ipro
890 2350 931 2389 T)
1033 2350 1052 2379 8
1076 2349 1188 2380 blesso
1207 2349 1266 2378 ΑΑ
1369 2360 1389 2389 9
1414 2359 1479 2380 non
1499 2361 1522 2381 r.

201 2391 332 2422 AACA:
360 2402 422 2422 nec
440 2402 463 2422 r.
483 2392 537 2422 BA
