1715 2700
561 514 1083 569 PRAEFATIO

213 677 320 714 POST
353 675 528 725 egregios
568 676 722 714 labores
750 674 1104 717 Schneidewini,
1135 671 1486 717 Friedlaenderi‚

158 741 357 787 Gilberti‚
374 754 455 778 non
472 740 581 790 potui
603 753 756 790 sperare
778 754 840 778 me
857 741 907 778 ad
923 740 1174 778 emendanda
1190 740 1286 776 haec
1300 737 1488 786 epigram-

158 814 263 844 mata
284 808 450 843 multum
479 806 654 843 conferre
681 818 821 854 posse3
860 805 955 842 illud
980 804 1110 853 potius
1140 804 1178 841 in
1199 802 1333 841 animo
1354 801 1486 848 habui,

159 880 201 909 ut
234 871 419 909 codicum
452 869 721 908 testimonium
760 869 963 918 aliquanto
996 869 1151 918 plenius
1189 867 1488 916 accuratiusque

160 935 396 974 exhiberem.
448 936 552 971 Nam
574 947 664 971 cum
687 933 962 972 Schneidewin
984 934 1023 970 in
1045 941 1121 971 tres
1142 932 1308 970 familias
1329 931 1488 970 codices

160 1008 314 1038 nostros
357 999 626 1048 disposuisset,
674 1000 953 1037 Friedlaender
1000 1006 1132 1036 autem
1181 998 1489 1035 demonstrasset

161 1079 293 1104 earum
321 1065 511 1103 lectiones
539 1065 617 1102 fere
645 1078 692 1102 ex
721 1064 845 1102 tribus
872 1064 1045 1113 antiquis
1073 1062 1368 1102 recensionihus
1393 1061 1492 1099 deri-

161 1138 268 1168 vatas
307 1143 402 1176 esse,
438 1129 602 1167 omnino
642 1142 803 1167 necesse
842 1137 922 1167 erat
963 1136 1005 1166 ut
1044 1129 1083 1166 in
1124 1135 1314 1178 apparatu
1355 1126 1490 1164 critico

162 1195 352 1245 tripertita
380 1202 586 1233 contextus
626 1195 765 1242 forma,
797 1202 989 1244 quantum
1026 1193 1107 1232 fieri
1144 1200 1292 1243 posset,
1327 1192 1491 1242 explica—

163 1268 276 1299 retur.
337 1260 459 1309 Quod
486 1259 648 1309 quidem
677 1259 966 1305 Schneidewin,
987 1258 1135 1309 quippe
1156 1258 1219 1296 cui
1241 1257 1380 1295 notitia
1400 1256 1491 1295 satis

163 1327 293 1375 ampla
323 1325 507 1363 codicum
543 1326 709 1371 deesset,
747 1339 826 1363 non
863 1325 991 1374 potuit
1026 1326 1163 1370 facere,
1197 1337 1278 1361 non
1316 1324 1493 1361 fecerunt

166 1391 443 1428 Friedlaender
459 1403 588 1439 neque
611 1390 773 1437 Gilbert,
790 1404 957 1440 quorum
980 1388 1220 1428 editionibus
1241 1387 1315 1426 alia
1335 1400 1495 1437 appara—

165 1464 226 1494 tus
247 1454 369 1493 critici
389 1456 515 1492 forma
535 1462 636 1493 esset
657 1457 791 1493 electa.

220 1522 339 1558 Hanc
364 1520 480 1570 igitur
506 1519 712 1567 rationem,
732 1522 853 1558 lector
875 1520 1080 1567 benevole,
1101 1519 1199 1557 scito
1224 1532 1287 1556 me
1314 1525 1494 1556 secutum

166 1599 264 1633 esse,
280 1593 335 1633 ut,
352 1584 539 1634 neglectis
561 1584 745 1623 codicum
767 1584 1007 1634 singulorum
1029 1583 1354 1629 aberrationibus,
1378 1582 1494 1620 trium

165 1651 321 1688 illorum
354 1651 669 1699 archetyporum,
698 1651 805 1688 unde
837 1651 1084 1688 defluxerunt
1111 1649 1270 1687 codices
1300 1655 1497 1698 quotquot

167 1723 318 1754 exstant
339 1728 490 1761 omnes,
518 1714 707 1753 lectiones
733 1728 928 1765 exponere
956 1715 1029 1752 sim
1059 1722 1236 1761 conatus,
1266 1722 1303 1752 et
1330 1727 1395 1751 eas
1416 1712 1497 1762 qui-

168 1782 259 1819 dem
291 1779 350 1818 his
380 1780 485 1830 siglis
512 1781 730 1826 denotatas,
752 1781 824 1826 ΑᾹ,
848 1779 917 1826 ΒΑ,
943 1781 1008 1818 CA.
1069 1781 1120 1818 Et
1144 1779 1271 1817 sicubi
1298 1778 1388 1817 trias
1417 1778 1496 1827 (vel

168 1844 280 1896 dyas)
302 1844 518 1883 lectionum
546 1858 679 1883 revera
701 1846 753 1884 ad
772 1845 1023 1894 antiquarum
1045 1844 1321 1883 recensionum
1342 1843 1499 1882 diversi·

169 1917 289 1948 tatem
316 1909 550 1948 ascribenda
576 1910 658 1948 visa
685 1917 742 1948 est
771 1917 838 1948 aut
865 1910 986 1948 videri
1014 1909 1152 1960 potuit,
1175 1921 1499 1959 unamquamque

170 1975 400 2024 scripturam
422 1988 494 2012 suo
515 1974 613 2024 siglo
633 1982 810 2013 notatam
831 1975 1006 2025 exposui,
1029 1982 1094 2012 ut:

223 2040 331 2076 XIII
357 2040 429 2086 lxv,
456 2053 474 2076 2
497 2039 537 2077 in
557 2039 708 2089 piscina
728 2040 863 2077 ludere
883 2041 965 2077 AA:
996 2039 1036 2077 in
1070 2041 1265 2077 lautorum
1288 2038 1389 2089 (inl.)
1410 2051 1502 2076 con-

171 2105 263 2142 dere
283 2105 368 2142 BA:
401 2103 441 2141 in
462 2105 657 2142 lautorum
681 2103 784 2155 (inl.)
808 2105 994 2142 mandere
1018 2105 1082 2150 CA,

225 2170 326 2206 XIV
345 2169 443 2216 xxix,
469 2183 487 2206 2
512 2171 720 2207 mandatus
740 2171 885 2208 AABA:
915 2183 1007 2207 narn
1028 2176 1170 2207 uentus
1193 2169 1256 2214 CA,

228 2235 247 2272 I
270 2234 318 2281 iv,
343 2236 364 2272 8
385 2235 509 2283 proba
528 2236 669 2273 AACA:
698 2235 823 2284 proba
843 2242 900 2272 est
920 2236 994 2281 BA,

228 2300 247 2336 I
268 2313 301 2345 v,
330 2313 344 2336 1
370 2299 624 2337 naumachias
640 2301 724 2337 B·³:
782 2298 1058 2337 naumachiam
1083 2299 1161 2345 CA,

176 2362 300 2401 sicubi
319 2372 451 2402 autem
473 2364 725 2403 manifestum
747 2372 828 2402 erat
848 2377 967 2402 unam
990 2363 1269 2401 tantummodo
1290 2360 1501 2399 lectionem
