1684 2763
801 142 907 177 1⁴:1³1(
920 142 1267 179 2RAMMA'1‘ON
1302 144 1404 180 LIII.
1437 144 1491 180 Vl

682 252 759 288 LII

167 322 258 359 lloc
289 321 387 359 iacet
417 320 454 358 in
487 322 638 359 tumulo
669 329 800 371 raptus
831 321 1045 371 puerilibus
1075 321 1188 359 annis

220 387 494 435 Pantagathus,
528 385 679 423 domini
710 399 802 423 cura
832 387 1025 435 dolorque
1055 386 1125 433 sui,

162 450 222 487 vix
253 458 437 499 tangente
468 464 585 500 vagos
617 452 715 488 ferro
745 464 919 488 resecare
949 451 1111 500 capillos

216 517 356 553 doctus
386 524 423 553 et
454 515 620 553 hirsutas
650 515 867 553 excoluisse
896 529 1025 565 genas.

162 580 212 617 sis
244 579 344 626 licet,
377 589 417 617 ut
448 581 580 627 debes,
614 582 739 627 tellus,
772 582 924 630 placata
954 581 1140 630 levisque,

215 645 372 683 artificis
403 645 522 683 levior
553 659 631 683 non
662 654 774 695 potes
805 659 890 684 esse
921 659 1050 684 manu.

673 738 773 774 LIII

164 808 286 844 Lotus
318 806 524 844 nobiscum
557 814 624 853 est,
657 806 787 844 hilaris
818 807 983 854 cenavit,
1015 816 1051 845 et
1084 807 1187 845 idem

217 872 397 909 inventus
428 885 543 910 mane
574 880 631 909 est
662 880 837 909 mortuus
868 873 1129 921 Andragoras.

163 938 262 973 'l'am
294 936 446 974 subitae
477 936 610 973 mortis
641 950 811 983 causam,
846 937 1041 983 Faustino,
1075 937 1269 986 requiris?

219 1003 263 1038 In
296 1000 443 1039 somnis
475 1000 672 1039 medicum
703 1001 851 1039 viderat
884 1004 1184 1040 Hermocraten.

674 1101 768 1136 LIV

163 1170 312 1206 'l‘antos
343 1177 380 1207 et
410 1176 536 1206 tantas
566 1169 596 1206 si
627 1169 757 1207 dicere
788 1169 1056 1217 Sextilianum,

216 1235 328 1280 Aule,
361 1241 478 1280 vetes,
512 1233 645 1283 iunget
674 1234 736 1272 vix
767 1234 838 1272 tria
866 1235 986 1273 verba
1016 1235 1141 1273 miser.

164 1299 296 1348 ‘Quid
327 1299 400 1337 sibi
431 1301 562 1336 vult?'
602 1299 742 1349 inquis.
805 1299 946 1338 Dicam
977 1300 1072 1350 quid
1103 1300 1277 1350 suspicer
1307 1314 1415 1339 esse:

217 1372 346 1402 tantos
377 1372 413 1402 et
445 1372 572 1402 tantas
602 1364 838 1403 Sextilianus
867 1373 982 1403 amat.

688 1465 759 1501 LV

273 1535 394 1581 Quod
426 1547 580 1582 semper
611 1533 795 1583 casiaque
825 1533 1091 1584 cinnamoque

270 1608 307 1636 et
337 1598 432 1636 nido
462 1598 570 1648 niger
598 1598 699 1636 alitis
729 1600 922 1648 superbae

271 1665 413 1713 fragras
445 1664 633 1713 plumbea
663 1664 928 1711 Nicerotiana,

270 1728 372 1767 rides
403 1742 485 1775 nOS,
520 1728 724 1775 Coracine,
757 1728 811 1766 nil
842 1728 1008 1767 olentis:

272 1795 375 1832 malo
405 1807 523 1843 quam
555 1794 657 1832 bene
687 1795 792 1832 olere
822 1794 875 1832 nil
907 1796 1022 1832 olere.

675 1894 768 1930 LVI

163 1964 285 2011 Quod
317 1962 384 2000 tibi
416 1976 527 2000 crura
556 1962 680 2012 rigent
711 1963 827 2001 saetis
858 1971 895 2001 et
925 1971 1085 2013 pectora
1115 1962 1225 2009 villis,

216 2029 333 2066 verba
363 2036 476 2078 putas
507 2029 633 2066 famae
663 2037 712 2075 te,
746 2028 995 2075 Charideme,
1027 2030 1152 2066 dare?

164 2093 321 2142 extirpa,
355 2092 451 2129 mihi
481 2094 609 2140 crede,
642 2093 742 2142 pilos
772 2095 822 2131 de
852 2106 1015 2143 corpore
1046 2101 1130 2131 toto

217 2167 334 2207 teque
364 2157 484 2207 pilare
515 2166 600 2195 tuas
631 2158 838 2196 testificare
868 2159 980 2196 natis.

208 2261 267 2291 LII
293 2261 364 2292 lzab.
390 2261 449 2291 TR
537 2272 557 2300 3
582 2272 687 2300 vagus
706 2266 742 2292 ut
758 2262 820 2293 vid.
842 2262 891 2292 CA
1002 2272 1021 2300 5
1047 2267 1081 2292 ut
1099 2260 1219 2301 debes]
1238 2260 1369 2291 uidebis
1388 2260 1435 2290 CA

209 2304 288 2334 LIII
315 2305 385 2335 lmb.
412 2305 440 2334 T
567 2316 586 2335 2
611 2306 824 2345 andragorus
842 2309 879 2336 ut
894 2305 956 2336 vid.
978 2306 1027 2336 CA

211 2348 266 2377 LV
290 2359 308 2385 4
334 2348 482 2378 coricine
499 2348 551 2378 BA

208 2391 281 2421 LVI
307 2391 379 2422 hab.
415 2392 444 2421 T
527 2401 547 2430 3
571 2393 704 2431 extirpe
723 2391 833 2433 (-xst-)
855 2392 901 2422 CA
922 2392 1107 2432 (exstirpes
1123 2391 1204 2433 XG)
