1684 2763
756 143 1223 182 EPIGRAMMATON
1256 144 1358 181 LIB.
1390 143 1471 180 XII

618 286 782 324 XXXII

244 374 280 412 O
311 373 498 411 Iuliarum
526 373 701 411 dedecus
732 373 1014 419 Kalendarum,

243 438 334 486 vidi,
366 440 548 485 Vacerra,
577 437 748 475 sarcinas
778 445 875 484 tuas,
907 437 1015 484 vidi3

243 516 340 553 quas
369 516 450 541 non
479 509 648 540 retentas
677 501 868 552 pensione
898 515 968 551 pro
998 501 1105 540 bima

241 568 423 619 portabat
452 580 547 605 uxor
576 568 660 605 rufa
689 567 863 605 crinibus
894 574 1046 616 septem

243 622 281 672 et
311 647 401 672 cum
432 646 563 671 sorore
593 646 691 671 cana
721 639 844 671 mater
873 631 1032 681 ingenti.
1457 651 1472 681 5

244 698 379 736 Furias
409 697 541 748 putavi
571 705 688 736 nocte
720 697 821 735 Ditis
851 710 1034 735 emersas.

243 764 312 801 has
343 771 384 801 tu
414 762 560 813 priores
590 762 729 812 frigore
758 770 796 800 et
825 763 929 800 fame
958 761 1085 800 siccus

244 836 282 866 et
311 841 393 866 non
422 827 569 865 recenti
599 827 767 877 pallidus
798 826 921 877 magis
953 827 1060 865 buxo

248 894 334 931 Irus
365 904 521 930 tuorum
553 900 775 942 temporum
806 891 1044 941 sequebaris.

246 958 415 1008 Migrare
445 957 588 995 clivom
617 959 796 995 crederes
826 956 1042 994 Aricinum.
1435 973 1471 994 10

244 1023 324 1061 ibat
354 1022 471 1072 tripes
500 1022 682 1072 grabatus
711 1031 750 1059 et
779 1021 890 1071 bipes
921 1035 1057 1059 mensa

244 1095 282 1126 et
312 1101 402 1126 cum
432 1089 592 1125 lucerna
620 1099 845 1135 corneoque
875 1094 1021 1124 cratere

245 1154 402 1191 matella
430 1160 540 1190 curto
570 1159 683 1202 rupta
711 1153 830 1189 latere
860 1150 1057 1198 meiebat,

246 1219 335 1256 foco
365 1217 503 1255 virenti
533 1217 690 1255 suberat
719 1217 934 1266 amphorae
964 1216 1091 1254 cervix
1107 1230 1116 1263 ς

245 1282 365 1321 fuisse
393 1295 520 1332 gerres
549 1289 616 1320 aut
646 1281 802 1319 inutiles
833 1294 992 1319 maenas
1431 1297 1465 1328 15

247 1349 346 1386 odor
374 1346 585 1396 inpudicus
615 1346 720 1384 urcei
750 1346 956 1393 fatebatur,

245 1412 370 1462 qualis
400 1411 572 1449 marinae
601 1410 663 1449 vix
692 1411 740 1449 sit
768 1424 862 1448 aura
890 1409 1072 1460 piscinae.

244 1490 318 1516 nec
347 1477 496 1526 quadra
524 1477 633 1514 derat
662 1475 764 1513 casei
793 1474 1002 1521 Tolosatis,

245 1541 452 1591 quadrima
481 1540 578 1590 nigri
608 1553 681 1578 nec
711 1553 857 1578 corona
885 1539 991 1589 pulei

245 1608 457 1655 calvaeque
487 1613 606 1643 restes
635 1605 792 1654 alioque
822 1604 1022 1654 cepisque,
1430 1620 1471 1640 20

247 1685 320 1710 nec
350 1673 467 1721 plena
496 1670 598 1719 turpi
629 1670 761 1708 matris
791 1671 868 1708 olla
897 1669 1024 1707 resina

245 1735 606 1775 Summemmianae
635 1748 713 1785 qua
741 1734 911 1784 pilantur
940 1746 1088 1771 uxores.

245 1801 355 1850 Quid
384 1800 536 1850 quaeris
565 1801 683 1838 aedes
713 1799 929 1849 vilicosque
958 1798 1124 1844 derides,

244 1865 420 1904 habitare
448 1864 575 1915 gratis,
607 1878 630 1903 o
660 1866 840 1911 Vacerra,
872 1877 963 1902 cum
992 1862 1147 1913 possis?

245 1932 343 1969 haec
372 1930 610 1969 sarcinarum
640 1943 787 1980 pompa
816 1928 1001 1967 convenit
1029 1935 1151 1978 ponti.
1429 1944 1466 1973 ‘25

182 2034 321 2065 XXXII
350 2043 363 2064 1
383 2034 600 2064 kalandarum
618 2033 648 2063 L
792 2043 811 2062 2
836 2032 913 2063 uadi
941 2032 989 2063 CA
1122 2041 1141 2070 4
1167 2035 1264 2070 rapta
1288 2029 1364 2059 BA:
1397 2029 1468 2059 rufa

141 2078 190 2109 CA
318 2077 479 2118 crinibus]
506 2077 709 2108 carminibus
732 2077 786 2106 ΒΑ
900 2078 921 2106 6
945 2080 1044 2106 necte
1071 2074 1118 2105 CA
1137 2078 1218 2114 (non
1235 2073 1286 2113 A)
1306 2075 1341 2114 <e
1351 2078 1414 2112 pro
1430 2073 1467 2112 o)

140 2132 156 2160 7
187 2121 299 2161 priore
327 2120 375 2151 CA
393 2123 483 2161 (cnm
500 2120 547 2161 L)
680 2131 701 2159 9
725 2130 782 2150 rus
809 2120 859 2150 CA
981 2129 1016 2149 11
1043 2119 1087 2149 ibi
1112 2118 1167 2148 BA
1294 2126 1331 2155 14
1356 2116 1466 2146 focum

140 2165 281 2195 ferentis
297 2164 433 2195 suborat
451 2165 612 2204 amphora
629 2175 655 2195 c.
678 2164 728 2194 CA
820 2165 860 2193 16
883 2173 1004 2193 urceus
1031 2162 1079 2193 CA
1217 2171 1254 2199 17
1279 2160 1386 2198 qualis
1404 2183 1410 2189 .
1430 2183 1436 2190 .
1459 2183 1466 2189 .

141 2208 236 2239 uissit
254 2207 382 2247 (iussit)
406 2208 481 2238 BA:
507 2209 640 2247 qualem
666 2231 674 2239 .
702 2231 709 2238 .
737 2231 745 2239 .
773 2207 870 2237 uissit
895 2207 1023 2246 (iussit)
1054 2205 1102 2236 CA
1126 2204 1240 2246 (uissit
1251 2209 1311 2244 pro
1335 2203 1392 2232 uix
1412 2202 1467 2240 sit)

141 2262 183 2281 20
207 2251 367 2290 saleoque
389 2251 444 2281 ΒΑ
459 2251 578 2292 (praec.
596 2252 629 2293 s)
721 2251 904 2290 caepisque
925 2249 974 2280 CA
992 2252 1028 2280 ut
1043 2249 1106 2281 vid.
1211 2258 1252 2278 22
1278 2247 1468 2278 Summum-

142 2296 270 2325 mianae
297 2294 345 2326 CA
