1684 2763
268 135 323 170 M.
356 135 476 171 VAL.
510 135 822 173 MARTIALIS

267 246 415 296 Quanti
446 246 603 285 libertas
633 256 787 285 constat
817 247 912 285 mihi
943 256 1062 295 tanta,
1094 249 1288 298 requiris?

319 313 489 351 Centum
521 314 758 362 quadrantes
787 313 948 351 abstulit
978 313 1042 351 illa
1071 313 1178 352 mihi.

719 407 931 443 LXXXIX

264 477 364 513 Cum
397 483 544 524 peteret
574 489 697 513 seram
729 475 859 513 media
888 475 964 513 iam
995 484 1111 514 nocte
1142 479 1338 515 matellam

315 548 452 589 arguto
483 541 663 578 madidus
694 540 836 589 pollice
868 543 1093 587 Panaretus,

263 604 463 653 Spoletina
492 606 583 642 data
612 613 669 642 est
699 606 768 642 sed
799 618 916 654 quam
948 613 1157 643 Slecaverat
1187 606 1281 655 ipse,

316 683 388 707 nec
418 670 540 706 fuerat
570 669 641 706 soli
671 678 752 706 tota
782 671 921 719 lagona
950 669 1053 707 satis.

261 734 324 771 ille
355 734 432 771 fide
461 747 615 771 summa
645 742 766 772 testae
796 748 865 771 sua
895 734 983 771 vina
1013 747 1214 772 remensus
1571 753 1588 785 5

314 798 484 836 reddidit
513 798 730 848 oenophori
762 800 936 848 pondera
966 801 1081 848 plena
1110 801 1179 837 sui.

262 862 425 909 Miraris,
458 872 649 912 quantum
680 863 841 911 biberat,
874 863 1024 913 cepisse
1054 865 1268 912 lagonam?

318 927 461 966 Desine
492 928 630 975 mirari,
666 930 791 967 Rufe:
832 942 983 966 merum
1015 928 1175 966 biberat.

368 1081 583 1118 Moechum
616 1080 742 1118 Gellia
772 1094 851 1118 non
882 1081 1000 1118 habet
1030 1080 1103 1117 nisi
1134 1094 1268 1118 unum.

365 1147 498 1194 'l'urpe
528 1153 584 1183 est
615 1147 691 1183 hoc
722 1145 869 1195 magis:
909 1158 1004 1183 uxor
1033 1153 1090 1183 est
1119 1146 1299 1183 duorum.

259 1311 399 1344 Sancta
430 1307 541 1346 ducis
572 1307 713 1345 summi
745 1307 926 1358 prohibet
956 1320 1120 1345 censura
1149 1315 1332 1357 vetatque

312 1372 521 1410 moechari.
581 1373 733 1419 Gaude,
765 1372 883 1419 Zoile,
916 1385 995 1409 non
1026 1371 1155 1409 futuis,

365 1536 548 1572 (aelatus
578 1534 647 1572 tibi
677 1548 766 1572 cuni
799 1534 856 1581 sit,
889 1533 1083 1580 Anniane‚

363 1613 521 1648 serpens
552 1599 589 1637 in
621 1608 753 1649 patera
785 1601 974 1648 Myronos
1003 1606 1094 1645 arte,

367 1664 555 1701 Vaticana
586 1664 713 1702 bibis:
754 1664 856 1701 bibis
886 1676 1094 1702 venenum.

257 1829 354 1864 'I'am
387 1828 487 1865 male
517 1825 637 1864 Thais
667 1827 745 1864 olet
774 1839 892 1875 quam
923 1839 1002 1863 non
1032 1824 1189 1863 fullonis
1218 1825 1321 1862 avari

308 1901 405 1929 testa
434 1900 544 1929 vetus
574 1891 704 1929 media
733 1892 802 1929 sed
834 1892 954 1928 modo
984 1891 1104 1928 fracta
1134 1890 1206 1936 via,

256 1970 334 1993 non
364 1957 414 1994 ab
444 1969 576 1994 amore
606 1969 740 1993 recens
769 1955 908 2002 hircuS‚
941 1969 1020 1993 non
1051 1969 1118 1993 ora
1147 1955 1284 2002 leonis,

310 2035 388 2058 non
419 2022 592 2058 detracta
621 2019 708 2058 cani
738 2020 1011 2057 transtiberina
1040 2019 1151 2066 cutis,

302 2123 517 2154 LXXXVIII
542 2133 562 2161 3
587 2128 719 2153 constat
743 2123 822 2153 AA:
857 2127 989 2153 constet
1005 2123 1056 2152 BA
1078 2122 1150 2163 (scd
1170 2127 1302 2153 constat
1326 2121 1354 2151 L
1375 2126 1450 2152 ante
1472 2123 1584 2159 cot-123:

246 2161 388 2198 'constet
408 2167 559 2207 KEACG)
579 2168 627 2197 vel
639 2171 768 2196 constat
787 2165 880 2205 (XB)
901 2167 948 2196 (Ἀ
1253 2166 1437 2195 Lxxxlx
1461 2165 1532 2196 hab.
1559 2166 1588 2196 T

260 2222 278 2240 2
302 2215 421 2249 arguta
443 2210 472 2240 T
656 2220 676 2248 3
701 2209 856 2248 Spoletin
876 2209 923 2239 CA
1114 2221 1133 2248 4
1158 2214 1228 2239 tota
1245 2209 1382 2238 ΑΑΒΑε
1415 2214 1509 2239 tanta
1534 2208 1582 2239 CA

256 2254 316 2284 XC
342 2265 361 2284 2
380 2254 461 2292 sort.
480 2254 625 2292 Turpest
644 2254 677 2291 ti.
692 2263 715 2284 e.
734 2253 778 2283 -is
795 2254 862 2285 estN
1011 2252 1090 2282 XCI
1116 2263 1135 2282 2
1151 2254 1275 2291 gaudet
1296 2251 1391 2290 (ΒΧ)
1409 2253 1458 2282 vel
1471 2253 1582 2291 gaude

258 2299 326 2337 (Α)
354 2297 401 2327 CA
489 2298 600 2327 sutues
626 2296 674 2326 CA
702 2297 739 2332 (i.
755 2307 777 2326 e.
808 2296 885 2326 -isn
1050 2295 1144 2326 XCII
1169 2307 1188 2326 2
1212 2306 1347 2335 semper
1373 2295 1406 2325 in
1432 2301 1581 2334 pateram

254 2351 381 2380 pronos
398 2351 428 2370 a.
447 2340 499 2370 BA
597 2345 669 2369 arte
682 2339 736 2368 BA
751 2351 758 2369 τ
781 2331 1038 2378 artes'CA,f0rt.
1058 2344 1135 2370 recte
1324 2338 1442 2369 XCIII
1467 2338 1540 2370 hab.
1557 2338 1587 2369 T

253 2395 273 2423 3
294 2385 369 2425 ora]
388 2394 407 2413 a
420 2383 466 2412 CA
599 2394 618 2421 4
640 2383 729 2412 canit
742 2383 789 2413 CA
