1684 2763
209 144 266 182 M.
298 144 418 181 VAL.
454 142 766 180 MARTIALIS

209 254 358 293 luxuria
386 262 454 300 est,
487 253 708 303 tumidique
736 260 879 291 vocant
908 254 1006 292 haec
1035 267 1197 292 munera
1227 266 1358 303 reges:

262 319 329 370 qui
359 327 491 369 crepet
520 320 701 357 aureolos
730 317 890 356 forsitan
921 331 1022 356 unus
1051 317 1132 356 erit.

209 392 402 436 quatenus
433 384 472 421 hi
503 397 582 422 non
612 391 713 430 sunt,
745 391 829 421 esto
859 390 912 430 tu,
945 384 1099 430 Caesar,
1129 382 1305 421 amicus:
1499 396 1534 428 15

263 451 369 487 nulla
398 448 509 487 ducis
539 448 657 486 virtus
687 447 839 486 dulcior
867 461 952 486 esse
982 455 1120 497 potest.

212 517 297 553 Iam
327 515 481 553 dudum
512 513 630 551 tacito
660 513 774 559 rides,
807 512 1053 559 Germanice,
1086 526 1182 550 naso

264 579 357 618 utile
388 580 496 629 quod
526 577 640 616 nobis
671 579 723 616 do
753 577 823 616 tibi
853 577 1072 616 consilium.

783 721 859 757 XX

319 804 358 843 Si
390 812 520 842 tecum
553 801 659 847 mihi,
691 815 779 840 care
812 800 1013 847 Martialis,

319 869 464 907 securis
494 868 607 906 liceat
638 866 709 904 frui
740 866 892 912 diebus,

319 934 349 971 si
380 933 589 983 disponere
619 940 773 981 tempus
804 931 974 970 otiosum

320 1007 357 1037 et
387 1012 499 1036 verae
529 997 669 1047 pariter
698 1010 834 1034 vacare
864 995 991 1034 vitae:

320 1077 392 1101 nec
422 1076 494 1101 nos
523 1062 619 1100 atria
650 1074 722 1099 nec
752 1062 893 1099 domos
924 1067 1129 1110 potentum
1524 1076 1540 1109 5

322 1141 394 1166 nec
424 1127 499 1166 litis
529 1126 683 1164 tetricas
713 1127 920 1175 forumque
950 1124 1056 1163 triste

323 1206 528 1230 nossemus
560 1191 851 1240 necimagines
887 1190 1100 1240 superbas3

323 1258 391 1296 sed
421 1256 596 1306 gestatio,
630 1256 795 1301 fabulae,
828 1254 959 1301 libelli,

322 1335 495 1372 campus,
528 1320 713 1370 porticuS,
743 1321 892 1366 umbra,
924 1319 1054 1369 Virgo,
1087 1320 1271 1363 thermae,

324 1389 420 1425 haec
450 1394 579 1424 essent
611 1388 695 1423 loca
725 1399 889 1435 semper,
921 1384 960 1421 hi
991 1385 1154 1422 labores.
1504 1399 1543 1422 10

324 1465 428 1489 nunc
458 1450 549 1488 vivit
580 1458 739 1488 necuter
767 1449 852 1496 sibi,
883 1449 1090 1498 bonosque

324 1518 424 1554 soles
455 1517 622 1565 effugere
651 1523 769 1564 atque
798 1514 905 1552 abire
935 1514 1062 1559 sentit,

325 1580 390 1630 qui
421 1580 535 1617 nobis
565 1588 728 1630 pereunt
758 1588 795 1618 et
826 1579 1063 1629 imputantur.

326 1645 546 1694 Quisquam
577 1644 703 1683 vivere
733 1658 823 1682 cum
854 1644 961 1691 sciat,
993 1645 1192 1682 moratur?

730 1788 828 1824 XXI

221 1869 414 1919 Quintum
446 1882 515 1918 pro
549 1868 727 1915 Decimo,
760 1882 829 1917 pro
860 1869 1013 1913 Crasso,
1048 1868 1207 1915 Regulo,
1244 1867 1424 1903 Macrum

272 1941 363 1972 ante
393 1934 585 1971 salutabat
615 1934 744 1970 rhetor
772 1933 1047 1981 Apollodotus.

222 2011 326 2035 nunc
356 2004 565 2046 utrumque
595 2009 666 2034 suo
697 1997 878 2033 resalutat
909 1994 1079 2033 nomine.
1140 1996 1345 2043 Quantum

274 2075 367 2100 cura
395 2062 584 2110 laborque
615 2063 766 2110 potest!
807 2059 967 2110 Scripsit
997 2067 1034 2098 et
1064 2059 1235 2098 edidicit.

266 2163 349 2193 XIX
378 2174 415 2201 13
440 2163 636 2201 tumideque
654 2166 689 2191 ui
706 2162 766 2192 vicl.
788 2162 836 2192 CA
941 2162 1032 2200 regis
1056 2161 1109 2190 ΒΑ
1223 2162 1326 2199 17—18
1352 2170 1423 2191 nov.
1448 2161 1544 2200 eptgr.

222 2206 327 2237 3„ch
471 2207 508 2236 18
533 2206 630 2235 nouis
648 2205 695 2236 C*x
880 2205 947 2234 XX
971 2216 990 2243 4
1016 2205 1065 2235 vel
1079 2214 1159 2234 uere
1252 2213 1287 2233 11
1315 2208 1455 2234 necuter
1471 2213 1498 2235 s.
1517 2204 1546 2234 b.

221 2249 460 2280 Scl11‹ze1'dew1‘11:
488 2254 609 2279 neuter
633 2249 694 2278 sibi
714 2249 889 2286 bonosque
910 2248 985 2279 BA:
1009 2258 1070 2277 nec
1094 2252 1130 2277 ut
1148 2248 1220 2277 eius
1238 2247 1291 2277 ibo
1307 2248 1481 2285 bonosque
1500 2246 1547 2277 CA

224 2293 307 2323 XXI
332 2293 404 2323 hab.
432 2292 460 2322 T
580 2302 591 2321 1
620 2301 768 2321 macrum
785 2291 917 2321 AACA:
943 2301 1089 2321 marcum
1106 2291 1160 2320 BA
1277 2301 1296 2320 2
1321 2290 1548 2329 Apollodotus

223 2336 403 2367 Heinst'zts:
427 2335 643 2375 apollodorus
660 2334 745 2365 codd.
767 2334 819 2375 (cs.
836 2334 959 2371 Journ.
978 2333 1063 2363 Pln'l.
1083 2334 1160 2373 xxii,
1184 2336 1213 2374 Ι)
1323 2344 1339 2372 4
1367 2334 1547 2373 scripserat

222 2385 255 2410 et
272 2380 397 2411 dedicit
414 2380 468 2409 ΑΑ
485 2390 491 2410 :
516 2378 651 2417 scripsit
670 2382 703 2407 et
721 2378 856 2408 edidicit
872 2377 978 2407 BACA
