1684 2763
759 164 1230 203 EPIGRAMMATON
1257 165 1359 201 LIB.
1392 164 1451 201 XI

608 276 741 313 LXXI

123 351 371 400 Hystericam
401 352 533 390 vetulo
563 365 605 390 se
635 351 784 390 dixerat
813 365 899 390 esse
930 351 1069 390 marito

172 424 210 455 et
240 416 414 466 queritur
443 416 542 455 futui
573 418 684 456 Leda
712 430 875 456 necesse
905 416 1004 464 sibi3

117 482 187 520 sed
217 482 315 519 flens
343 488 462 532 atque
491 495 653 532 gemens
683 482 779 520 tanti
810 489 926 531 negat
956 495 1041 520 esse
1071 482 1237 520 salutem

172 559 293 596 seque
323 548 438 585 refert
467 547 599 597 potius
629 547 881 597 proposuisse
912 546 1021 585 mori.

118 611 173 650 vir
203 619 311 661 rogat
341 620 382 650 ut
411 612 514 650 vivat
543 612 686 651 virides
717 626 790 651 nec
820 614 973 651 deserat
1005 625 1145 660 annos,
1438 628 1455 660 5

172 684 211 715 et
240 677 321 715 fieri
352 678 461 727 quod
490 677 567 715 iam
598 691 678 716 non
709 678 801 716 facit
830 678 914 727 ipse
945 677 1048 716 sinit.

118 742 296 793 protinus
325 743 521 780 accedunt
552 742 695 781 medici
726 742 985 792 medicaeque
1014 742 1215 789 recedunt,

173 809 443 857 tollunturque
472 809 604 858 pedes.
666 809 701 847 O
732 808 931 846 medicina
959 807 1111 858 gravis!

618 907 776 944 LXXII

230 976 376 1014 Drauci
406 978 528 1015 Natta
556 976 616 1015 sui
645 985 759 1016 vocat
788 976 1005 1028 pipinnam‚

228 1043 407 1080 conlatus
437 1046 501 1080 cu'i'
531 1042 668 1080 Gallus
698 1050 757 1081 est
787 1042 962 1093 Priapus.

579 1142 761 1179 LXXIII

123 1213 342 1250 Venturum
373 1210 475 1249 iuras
505 1225 660 1261 semper
690 1210 796 1258 mihi,
830 1212 976 1262 Lygde,
1008 1210 1160 1261 roganti

175 1276 462 1326 constituisque
491 1278 629 1315 horam
659 1276 946 1326 constituisque
975 1277 1118 1315 locum.

121 1355 212 1380 cum
243 1343 382 1380 frustra
411 1341 513 1380 iacui
543 1343 659 1392 longa
689 1342 886 1392 prurigine
916 1349 1059 1389 tentuS‚

175 1407 365 1445 succurrit
394 1421 464 1458 pro
495 1414 533 1446 te
563 1421 680 1457 saepe
710 1407 864 1445 sinistra
894 1406 1001 1444 mihi.

123 1472 232 1520 Quid
261 1485 406 1522 precer,
439 1486 463 1511 ο
493 1473 618 1519 fallax,
651 1471 798 1510 meritis
827 1480 866 1510 et
896 1471 1071 1510 moribus
1101 1470 1216 1510 istis?

176 1538 391 1576 umbellam
421 1539 564 1585 luscae,
599 1538 744 1587 Lygde,
776 1538 875 1575 feras
905 1536 1102 1575 dominae.

590 1636 765 1673 LXXIV

123 1712 353 1751 Curandum
386 1725 529 1762 penem
559 1711 757 1750 commisit
787 1713 958 1749 Baccara
988 1712 1137 1749 Raetus

176 1776 284 1815 rivali
314 1776 482 1816 medico.
541 1779 713 1815 Baccara
743 1778 879 1815 Gallus
909 1776 991 1814 erit.

605 1877 756 1913 LXXV

232 1947 369 1984 Theca
397 1953 523 1984 tectus
552 1947 704 1985 ahenea
732 1947 881 1984 lavatur

233 2017 375 2056 tecum,
409 2010 555 2058 Caelia,
587 2024 748 2059 servus3
786 2019 827 2049 ut
857 2011 966 2060 quid,
997 2024 1078 2057 oro,

233 2089 314 2113 non
344 2075 392 2112 sit
422 2089 512 2113 cum
542 2075 792 2114 citharoedus
822 2084 888 2114 aut
918 2077 1153 2114 choraules?

172 2178 285 2208 LXXI
310 2178 383 2209 hah.
408 2177 437 2207 T
577 2188 591 2209 1
619 2180 677 2210 sed
697 2180 829 2210 differat
852 2179 882 2209 T
1023 2189 1042 2209 2
1065 2179 1175 2218 subigi
1191 2179 1252 2209 ΑΑ
1266 2179 1344 2220 (pro
1360 2179 1454 2219 futuit¹

127 2231 268 2252 necesse
286 2221 366 2261 sibi]
386 2231 450 2252 nae
469 2226 566 2252 tense
584 2223 609 2253 si
628 2223 656 2252 T
759 2232 778 2261 5
795 2223 930 2253 sederat
952 2222 981 2252 T
1080 2224 1100 2253 8
1117 2223 1239 2254 tollunt
1255 2229 1395 2262 utraque
1412 2223 1458 2253 T:

126 2266 353 2303 tollenturque
370 2265 425 2295 ΒΑ
504 2276 523 2296 o
539 2265 677 2295 AABA:
702 2277 721 2296 a
741 2266 789 2297 CA
966 2266 1098 2296 LXXII
1120 2276 1132 2295 1
1152 2271 1232 2297 nata
1247 2267 1458 2306 codd.(natta

116 2309 194 2348 fQ)
257 2308 430 2347 bipinnam
444 2308 492 2338 CA
630 2309 779 2340 LXXIII
809 2319 821 2339 1
848 2310 948 2348 digde
969 2309 1023 2349 (C)
1041 2310 1091 2340 vel
1104 2309 1205 2349 digne
1224 2309 1337 2349 (EXA
1347 2310 1389 2347 V)
1412 2310 1460 2340 CA

129 2351 246 2392 (sedin
263 2353 376 2382 lemm.
393 2362 440 2381 AD
459 2353 621 2393 LYGDUM)
757 2353 902 2383 LXXIV
930 2363 942 2382 1
969 2364 1043 2383 eum
1057 2354 1147 2384 misit
1162 2353 1211 2384 CA
1228 2356 1304 2394 (pro
1320 2354 1458 2389 cumm.)

130 2395 261 2426 Raetus
280 2397 318 2435 (ἲ)
335 2394 553 2426 Schneidewin
569 2408 576 2427 2
599 2406 742 2435 graecus
760 2398 862 2437 (gre.)
881 2396 958 2427 BA:
982 2402 1080 2427 uetus
1098 2396 1147 2427 CA
1332 2396 1459 2426 LXXV

130 2448 143 2468 1
170 2449 278 2469 aenea
295 2438 348 2468 BA
364 2449 371 2469 :
395 2439 505 2469 ahena
524 2439 572 2470 CA

172 2491 277 2512 MART.
299 2491 349 2513 εΡ.
1331 2482 1372 2512 22
