1684 2763
215 139 272 175 M.
303 138 425 174 VAL.
461 137 774 176 MARTIALIS

213 256 251 287 et
280 248 496 299 prostitutis
525 248 648 287 levius
678 256 795 300 caput
824 249 933 297 culis,

214 327 288 352 nec
316 314 420 352 vivat
450 315 551 352 ullus
581 313 621 352 in
651 322 720 353 tuo
748 314 850 365 pilus
879 328 1000 362 crure,

215 386 461 430 purgentque
490 393 629 418 saevae
658 393 757 418 cana
786 381 893 418 labra
922 381 1133 429 volsellae3
1525 396 1542 428 5

216 444 369 491 Curios,
401 444 601 491 Camillos,
636 445 832 493 Quintios,
866 447 1030 493 Numas,
1060 448 1207 493 Ancos,

214 516 253 548 et
282 508 477 559 quidquid
506 523 695 560 umquam
724 510 888 559 legimus
918 510 1133 561 pilosorum

215 574 385 624 loqueris
415 587 612 624 sonasque
640 575 854 623 grandibus
884 575 1016 614 minax
1044 576 1183 624 verbis,

216 647 254 678 et
284 652 373 678 cum
405 640 564 677 theatris
594 640 833 689 saeculoque
863 638 1005 678 rixaris.

217 703 398 743 Occurrit
427 703 567 753 aliquis
598 703 697 742 inter
726 703 799 742 ista
827 703 858 742 si
888 705 1068 753 draucus,
1509 721 1548 744 10

217 769 294 806 iarn
324 769 555 818 paedagogo
584 768 770 807 liberatus
799 777 838 807 et
866 769 978 808 euius

217 833 436 872 refibulavit
465 833 663 883 turgidum
692 834 801 872 faber
829 847 986 884 penem,

218 906 315 937 nutu
344 906 527 937 vocatum
558 898 681 946 ducis,
712 906 750 937 et
779 900 903 950 pudet
932 899 1002 938 fari

218 963 450 1012 Catoniana,
484 965 660 1012 Chreste‚
692 965 801 1014 quod
830 964 925 1003 facis
954 964 1097 1015 lingua.

683 1069 870 1106 XXVIII

221 1139 347 1176 Dulce
377 1139 498 1176 decus
528 1151 704 1185 scaenae,
736 1139 920 1176 ludorum
950 1139 1063 1184 fama,
1099 1138 1262 1177 Latinus

272 1204 336 1242 ille
365 1217 438 1254 ego
468 1217 566 1249 sum,
597 1204 756 1252 plausus
786 1202 1030 1253 deliciaeque
1059 1211 1160 1251 tuae,

220 1269 287 1320 qui
316 1276 576 1319 spectatorem
608 1268 717 1318 potui
747 1268 885 1307 fecisse
915 1269 1121 1314 Catonem,

273 1335 423 1372 solvere
452 1333 518 1383 qui
549 1333 688 1372 Curios
720 1333 999 1383 Fabriciosque
1027 1347 1172 1383 graves.

221 1400 299 1438 Sed
330 1398 426 1436 nihil
454 1412 477 1436 a
506 1405 640 1435 nostro
670 1398 835 1447 sumpsit
866 1411 953 1436 mea
982 1398 1060 1436 vita
1089 1399 1241 1437 theatro
1533 1414 1549 1445 5

275 1471 313 1502 et
342 1465 425 1502 sola
455 1470 606 1501 tantum
638 1463 841 1501 scaenicus
871 1471 953 1502 arte
983 1465 1107 1501 feror:

223 1542 294 1567 nec
324 1536 499 1578 poteram
529 1536 659 1578 gratus
689 1528 853 1566 domino
883 1528 966 1566 sine
997 1528 1171 1566 moribus
1200 1541 1312 1566 esse:

276 1593 436 1632 interius
468 1601 618 1631 mentes
649 1593 805 1642 inspicit
836 1593 899 1631 ille
929 1595 1036 1631 deus.

223 1661 305 1698 Vos
336 1672 399 1697 me
429 1658 606 1708 laurigeri
636 1658 848 1708 parasitum
878 1658 997 1697 dicite
1028 1658 1192 1704 Phoebi,

278 1725 409 1762 Roma
437 1723 495 1761 sui
525 1724 714 1761 famulum
745 1725 840 1762 dum
871 1723 967 1762 sciat
996 1736 1081 1762 esse
1112 1722 1228 1761 Iovis.
1517 1737 1554 1759 10

706 1822 846 1858 XXIX

225 1893 388 1931 Saecula
418 1893 634 1929 Nestoreae
663 1903 879 1940 permensa,
912 1889 1099 1935 Philaeni,
1131 1897 1313 1927 senectae

279 1965 388 2008 rapta
416 1970 457 1996 es
487 1957 537 1994 ad
567 1955 737 1994 infernas
767 1963 846 1993 tam
877 1954 954 1993 cito
987 1954 1088 1992 Ditis
1118 1955 1272 2004 aquas?

271 2060 404 2091 XXVII
429 2069 449 2098 3
462 2062 538 2099 post
552 2069 580 2091 v.
597 2069 613 2098 7
633 2058 683 2089 CA
698 2058 810 2098 (ptius
827 2068 891 2088 om.
909 2060 1038 2097 propter
1051 2057 1319 2096 lzomoeoarclzon)
1388 2067 1462 2087 cum
1478 2056 1533 2087 ΒΑ
1549 2069 1555 2087 :

228 2109 261 2134 et
280 2104 329 2135 CA
402 2102 496 2134 culus
513 2102 567 2132 BA
670 2113 688 2140 4
714 2112 810 2133 crure
829 2099 927 2142 (XV)
944 2101 992 2130 vel
1006 2111 1104 2131 cruce
1124 2100 1217 2141 (EA)
1239 2099 1289 2130 CA
1390 2110 1409 2139 5
1434 2101 1555 2131 uelsel-

227 2148 279 2178 lae
298 2146 348 2178 CA
437 2157 454 2186 7
472 2156 611 2185 usquam
627 2145 703 2176 BA:
727 2155 882 2184 umquam
901 2143 950 2175 CA
1042 2154 1080 2175 10
1096 2144 1197 2183 aliqui
1216 2143 1266 2174 CA
1282 2146 1320 2173 ut
1330 2143 1392 2174 vid.
1467 2144 1555 2174 inter

226 2201 291 2221 om.
310 2190 359 2221 CA
454 2190 518 2220 ista
533 2200 598 2220 om.
617 2188 672 2219 BA
796 2188 825 2219 si
843 2189 985 2218 draucus
1002 2187 1097 2224 ΑΜΖ,
1110 2187 1240 2226 summ
1255 2197 1262 2216 :
1285 2187 1329 2217 sit
1346 2197 1461 2217 raccus
1477 2186 1533 2217 BA
1550 2199 1556 2218 :

227 2235 255 2265 si
280 2233 414 2264 draucis
431 2233 481 2263 CA
570 2243 607 2271 14
625 2232 702 2273 quid
722 2231 770 2263 CA
943 2231 1093 2261 XXVIII
1119 2241 1138 2270 3
1162 2231 1270 2270 potuit
1288 2229 1362 2261 BA:
1395 2230 1489 2277 potui
1508 2230 1555 2261 CA

229 2321 247 2350 5
271 2310 424 2342 uestroL
444 2311 480 2350 (u
494 2315 554 2350 pro
571 2310 606 2341 nl
739 2311 760 2339 6
783 2307 889 2347 feror]
908 2307 953 2338 fui
966 2306 1003 2336 N
1128 2307 1148 2337 8
1172 2307 1307 2346 inspicit
1318 2307 1372 2337 ΒΑ
1388 2318 1394 2338 :
1417 2282 1556 2347 siispicit

230 2355 279 2385 CA
297 2358 333 2384 nt
348 2354 411 2384 vid.
433 2354 618 2394 (suscipicit
635 2351 692 2390 El,
709 2352 849 2391 suscipit
865 2349 994 2389 E2XA‚
1014 2350 1155 2390 suspicit
1173 2350 1244 2390 CG)

271 2397 391 2428 XXIX
415 2407 465 2428 vv.
487 2407 556 2437 1-4,
580 2396 771 2427 11—12l1al).
796 2396 826 2426 T
931 2405 950 2426 2
975 2399 1043 2425 tam
1060 2393 1194 2425 AACA:
1219 2403 1293 2424 nam
1312 2393 1367 2424 BA
