1684 2763
208 124 263 160 M.
295 123 417 161 VAL.
450 123 764 162 MARTIALIS

313 235 479 272 mullum
509 234 719 274 dimidium
748 237 967 286 lupumque
997 244 1123 275 totum

314 312 604 349 muraenaeque
633 301 733 338 latus
762 302 968 351 femurque
997 302 1093 352 pulli
1519 320 1536 351 5

313 364 606 414 stillantemque
635 365 735 404 alica
763 379 834 404 sua
862 368 1105 417 palumbum.

314 431 411 468 haec
440 444 531 468 cum
561 430 723 469 condita
751 439 841 470 sunt
872 433 1058 471 madente
1088 446 1241 483 mappa,

314 496 520 533 traduntur
547 509 670 546 puero
699 497 865 535 domum
894 498 1081 537 ferenda:

313 574 385 598 nos
413 561 686 599 accumbimus
716 561 842 600 otiosa
871 563 994 601 turba.

313 626 426 663 Vllus
457 625 486 663 si
518 627 646 675 pudor
676 635 744 673 est,
776 641 923 677 repone
953 641 1121 666 cenam:
1498 646 1539 668 10

314 702 397 727 cras
426 698 474 736 te,
508 689 744 736 Caeciliane,
777 704 857 729 non
887 691 1037 729 vocavi.

648 785 875 822 XXXVIII

206 852 314 901 Quid
345 852 440 890 mihi
471 854 610 892 reddat
639 867 729 904 ager
758 854 924 905 quaeris,
958 855 1067 903 Line,
1100 856 1410 896 Nomentanus?

260 920 352 957 Hoc
383 918 478 956 mihi
509 919 638 958 reddit
667 933 779 970 ager:
819 929 868 967 te,
902 920 1012 968 Line,
1043 935 1123 960 non
1153 921 1281 960 video.

671 1010 852 1046 XXXIX

205 1077 380 1116 (occino.
409 1079 583 1116 famosae
613 1079 739 1117 donas
768 1087 806 1118 et
836 1079 1013 1118 ianthina
1043 1082 1259 1120 moechae:

258 1143 314 1182 vis
344 1144 436 1181 dare
465 1157 567 1193 quae
598 1145 737 1182 meruit
768 1147 962 1184 munera?
1002 1146 1112 1185 mitte
1142 1156 1284 1197 togam.

725 1235 799 1271 XL

208 1301 270 1339 vsi
302 1301 508 1351 Tongilius
538 1304 640 1341 male
669 1303 811 1342 dicitur
831 1304 1088 1344 hemitritaeo.

258 1366 347 1405 novi
378 1367 550 1405 hominis
579 1370 758 1408 fraudes:
797 1369 915 1408 esurit
944 1379 1063 1420 atquc
1092 1370 1184 1409 sitit.

204 1432 372 1470 ¹subdola
401 1434 617 1471 tenduntur
646 1434 784 1472 crassis
815 1449 920 1473 nunc
951 1435 1045 1474 retia
1075 1435 1208 1484 turdis,

258 1499 397 1535 hamus
427 1506 464 1535 et
495 1498 533 1535 in
564 1501 729 1537 mullum
761 1499 925 1538 mittitur
953 1509 1072 1551 atque
1102 1503 1250 1551 lupum.
1289 1491 1297 1497 ⁵

205 1563 392 1600 (Taeeuba
421 1572 626 1602 saccentur
655 1578 837 1615 quaeque
867 1579 994 1604 annus
1024 1566 1127 1605 coxit
1157 1566 1306 1617 Opimi,
1514 1583 1531 1613 5

259 1629 480 1666 condantur
509 1643 628 1678 parco
658 1631 767 1668 fusca
798 1632 962 1669 Falerna
992 1632 1103 1670 vitro.

204 1706 342 1730 omncs
371 1693 598 1743 Tongilium
630 1695 772 1733 medici
803 1695 948 1734 iussere
977 1696 1119 1734 lavari:

259 1772 281 1794 o
312 1757 429 1804 stulti,
462 1759 611 1796 febrem
642 1760 799 1798 creditis
830 1763 948 1799 esse?
1004 1763 1107 1799 Gula
1137 1770 1206 1800 est.

712 1855 807 1891 XLI

315 1921 440 1960 ‘Ride
469 1921 499 1959 si
529 1922 644 1972 sapis,
675 1937 699 1961 o
729 1925 871 1973 puella,
900 1924 1006 1963 ride’

311 1986 532 2036 l'aelignuS‚
563 1996 671 2037 puto,
703 1988 851 2027 dixerat
881 1998 1008 2039 poeta.

248 2087 413 2118 XXXVII
440 2090 460 2118 6
483 2089 739 2131 stellantemquc
759 2091 808 2122 CA
896 2093 1005 2123 halica
1020 2092 1108 2124 sodd.
1247 2103 1279 2123 11
1309 2095 1433 2125 uocabo
1450 2095 1509 2124 ΑΛ

248 2132 433 2162 XXXVIII
459 2134 531 2163 lmb.
555 2133 583 2163 T
709 2145 728 2164 2
755 2136 874 2166 reddet
894 2136 942 2166 CA
959 2138 1034 2177 (pro
1052 2137 1172 2173 reddit)

248 2175 403 2205 XXXIX
433 2187 443 2205 1
472 2177 639 2207 formosae
656 2189 733 2209 corr.
754 2179 832 2209 sam-
850 2185 887 2210 ut
904 2180 963 2210 vid.
984 2180 1060 2210 BA:
1083 2180 1232 2211 famosae
1252 2181 1301 2210 CA

247 2218 307 2248 XL
332 2220 404 2250 luel).
428 2219 456 2248 T
538 2231 557 2250 2
581 2221 716 2252 fraudes
733 2223 870 2253 AABA:
895 2233 1005 2254 mores
1021 2224 1069 2254 (ῙΑ
1156 2234 1176 2262 3
1200 2224 1309 2254 ceruis
1321 2225 1402 2255 AA:
1425 2225 1531 2254 turdis

205 2262 308 2292 RACA
442 2273 460 2300 5
485 2263 663 2294 sincentur
686 2265 731 2296 T:
755 2267 925 2296 siccentur
941 2267 1019 2297 BA:
1043 2273 1220 2298 saccentur
1238 2268 1286 2298 CA
1397 2269 1530 2307 opimus

205 2306 251 2333 (Ἀ
323 2307 344 2335 6
367 2307 561 2337 conduntur
580 2307 627 2338 T:
651 2311 817 2346 condatur
838 2310 884 2340 CA
904 2314 994 2349 (cum
1007 2310 1051 2350 L)
1123 2310 1196 2341 susa
1213 2311 1289 2341 AA:
1314 2311 1406 2341 fusca
1423 2311 1530 2342 BACA

245 2348 323 2379 XLI
350 2359 399 2380 vv.
421 2352 495 2388 6ss7,
515 2361 600 2390 9-23
618 2352 689 2384 hab.
716 2353 744 2382 T
762 2354 937 2392 etquidem
953 2354 1011 2384 ltoc
1025 2354 1136 2385 ordine
1151 2354 1330 2395 dispositos,
1349 2365 1380 2395 9,
1406 2365 1453 2393 10y
1476 2365 1525 2395 12,

206 2403 254 2431 Η,
273 2394 302 2431 6,
326 2403 353 2432 7>
378 2403 414 2431 13
433 2404 500 2433 S‘I‘l·
