1684 2763
767 137 1233 179 EPIGRAMMATON
1266 141 1368 178 LIB.
1402 141 1459 179 IX

133 246 308 296 quisquis
337 247 387 285 ab
418 248 493 285 hoc
523 246 636 286 fuerit
667 247 763 285 fixus
794 248 980 287 morietur
1008 263 1151 289 amore.

186 325 209 349 o
240 311 338 359 felix,
370 311 401 350 si
431 325 550 362 quem
581 319 659 350 tam
690 313 796 351 bona
825 314 902 351 fata
932 319 1118 353 manent!
1424 333 1462 355 10

132 378 227 414 (lum
257 390 353 427 puer
382 390 434 424 es,
465 378 612 425 redeas,
645 379 741 416 dum
770 380 879 417 vultu
909 379 1092 426 lubricus,
1124 388 1161 418 ct
1192 388 1228 418 tc

186 455 265 480 non
297 442 420 491 Libye
450 442 575 490 faciat,
608 444 678 482 sed
708 450 775 483 tua
806 445 935 482 Roma
965 444 1100 483 virum.

628 543 747 581 LVII

241 622 306 660 Nil
336 630 393 661 est
423 622 547 661 tritius
579 623 726 673 Hedyli
756 623 942 663 lacernis:

240 700 319 725 non
348 701 467 727 ansae
495 695 670 727 veterum
701 689 1009 737 Corinthiorum,

240 765 312 790 nec
341 766 428 791 crus
458 754 652 803 compede
681 754 875 792 lubricum
905 754 1085 802 decenni,

240 829 312 855 ηερ
342 824 478 867 ruptae
506 817 669 856 recutita
697 820 797 857 colla
827 820 967 867 mulae,

241 895 313 920 nec
343 895 444 932 quae
475 882 708 921 Flaminiam
738 891 873 921 secant
902 884 1089 931 salebrae,
1449 900 1465 931 5

241 959 314 985 nec
343 946 409 996 qui
439 947 616 985 litoribus
646 947 772 985 nitent
801 947 931 997 lapilli,

241 1024 314 1050 nec
343 1013 475 1050 Tusca
503 1011 580 1062 ligo
610 1011 723 1050 vinea
752 1012 908 1062 politus,

241 1089 313 1114 nec
343 1077 492 1126 pallens
523 1084 612 1127 toga
642 1077 785 1115 mortui
815 1077 978 1124 tribulis,

240 1154 313 1179 nec
343 1140 439 1191 pigri
468 1148 553 1180 rota
581 1155 724 1191 quassa
753 1141 948 1189 mulionis,

241 1218 313 1245 nec
342 1220 471 1245 rasum
501 1220 620 1245 cavea
649 1208 749 1246 latus
778 1207 951 1255 visontis,
1434 1225 1468 1247 ιο

240 1284 313 1310 ηερ
343 1272 440 1310 dens
470 1271 547 1310 iam
577 1271 707 1311 senior
734 1272 874 1311 ferocis
902 1271 996 1323 apri.

242 1337 322 1375 Res
351 1350 429 1375 una
459 1344 517 1375 est
545 1344 702 1376 tamen:
736 1337 820 1388 ipse
848 1351 929 1376 non
959 1337 1128 1387 negabit,

240 1403 350 1440 culus
380 1401 503 1440 tritior
533 1402 681 1452 Hedyli
709 1402 885 1441 lacernis.

615 1501 757 1538 LVIII

135 1583 322 1632 Nympha
352 1581 449 1620 sacri
478 1581 610 1631 regina
638 1583 756 1628 lacus,
788 1581 851 1620 cui
880 1589 987 1632 grata
1016 1581 1185 1621 Sabinus

188 1655 226 1686 et
256 1660 439 1685 mansura
468 1646 533 1697 pio
564 1660 726 1685 munere
756 1648 902 1696 templa
932 1646 1054 1693 dedit,

136 1712 191 1750 sic
220 1719 409 1751 montana
438 1719 525 1750 tuos
555 1723 710 1762 semper
737 1713 841 1750 colat
873 1711 1038 1749 Vmbria
1067 1712 1195 1750 fontes

188 1790 261 1816 nec
291 1784 356 1815 tua
387 1775 553 1815 Baianas
583 1776 740 1815 Sassina
769 1775 878 1814 malit
905 1789 1053 1826 aquas:

136 1841 271 1892 excipe
300 1840 487 1880 sollicitos
517 1841 683 1892 placide,
715 1854 802 1880 mea
832 1842 948 1887 dona,
980 1840 1162 1889 libellos,
1450 1860 1467 1889 5

190 1914 230 1945 tu
260 1905 376 1945 fueris
408 1906 534 1945 Musis
565 1906 722 1957 Pegasis
752 1907 860 1945 unda
889 1905 1054 1944 meis.—

138 1972 435 2022 ‘Nympharum
465 1971 620 2021 templis
651 1971 827 2021 quisquis
858 1985 927 2009 sua
956 1971 1129 2009 carmina
1158 1973 1291 2019 donat,

192 2036 287 2086 quid
317 2035 398 2075 fieri
428 2035 534 2075 libris
564 2037 708 2075 debeat
737 2035 821 2086 ipse
851 2038 1009 2075 monet.²

181 2150 201 2180 9
224 2140 306 2172 ficus
323 2144 360 2171 ut
374 2139 437 2172 vid.
459 2140 507 2171 CA
600 2150 640 2171 10
663 2139 752 2171 facta
769 2139 873 2180 (EX)
891 2139 941 2170 vel
954 2140 1021 2171 fata
1038 2140 1103 2180 (A)
1123 2140 1171 2170 CA
1263 2150 1298 2171 11
1327 2151 1404 2172 ecce
1420 2142 1467 2172 CA

141 2183 194 2225 (cc
207 2190 268 2224 pro
285 2184 326 2220 tt)
592 2183 686 2214 LVII
711 2194 761 2215 vv.
783 2193 810 2223 1,
830 2185 904 2223 5-6,
923 2193 1010 2222 9—13
1023 2184 1095 2214 hah.
1118 2184 1148 2214 T
1235 2194 1248 2214 1
1276 2184 1404 2215 tristius
1420 2185 1467 2215 CA

139 2228 273 2258 lacerna
291 2227 338 2258 CA
492 2237 511 2265 3
536 2237 591 2258 rus
608 2226 663 2256 ΒΑ
767 2227 964 2266 compedem
985 2227 1080 2266 (EA)
1100 2227 1149 2257 vel
1162 2227 1218 2257 -de
1239 2227 1288 2258 CA
1448 2240 1466 2266 4

139 2275 237 2310 rupta
256 2271 303 2301 CA
458 2280 477 2309 5
502 2270 583 2311 nec]
602 2281 670 2302 non
689 2270 737 2311 (fi)
761 2270 796 2310 T,
817 2270 877 2309 qui
890 2281 940 2302 vv.
956 2281 1021 2310 2-4
1040 2281 1106 2300 non
1123 2271 1216 2300 lzabct
1312 2271 1466 2302 salubrae

140 2313 194 2343 ΒΑ
326 2314 346 2342 6
368 2313 490 2352 lapillis
520 2313 568 2344 CA
702 2324 718 2353 7
744 2318 796 2345 tus
813 2313 933 2352 gallico
953 2314 1001 2344 CA
1136 2323 1171 2343 11
1198 2319 1264 2344 tam
1284 2315 1398 2345 senior
1413 2315 1466 2344 ΒΑ

144 2368 178 2387 12
204 2357 341 2395 negauit
359 2357 490 2396 CA<1'.e.
511 2357 587 2396 -bit)
875 2357 984 2387 LVIII
1014 2367 1027 2387 1
1054 2357 1160 2387 sacris
1180 2357 1274 2397 QEA)
1293 2358 1341 2388 υτ]
1357 2358 1398 2387 -ri
1420 2358 1467 2388 CA

140 2400 285 2432 sabanus
299 2399 348 2430 CA
437 2409 455 2438 5
473 2399 605 2439 placida
614 2400 667 2430 ΒΑ
758 2400 777 2429 6
796 2400 886 2431 unde
902 2401 949 2432 CA
1039 2401 1058 2430 8
1082 2405 1194 2430 monet
1208 2399 1262 2428 ΒΑ
1278 2412 1284 2430 :
1309 2402 1404 2431 docet
1419 2400 1466 2430 CA

1322 2455 1379 2483 17*
