1684 2763
763 140 1021 178 EI'IGRAM
1030 142 1231 180 MATON
1265 143 1367 181 LIB.
1401 144 1458 182 IV

133 252 228 303 quid
259 252 306 291 sit
336 250 475 302 largiri,
507 250 603 301 quid
633 249 680 288 sit
710 251 859 288 donare
888 251 1055 298 docebo,

186 318 216 356 si
246 317 396 356 nescis:
436 318 552 363 dona,
585 314 818 365 Gargiliane,
852 315 958 353 mihi.

627 394 745 430 LVII

133 467 239 503 Dum
269 478 342 502 nos
372 464 518 502 blanda
546 470 682 501 tenent
712 462 844 501 lascivi
874 470 1011 513 stagna
1041 464 1198 502 Lucrini

184 538 221 568 et
251 543 352 579 quae
381 528 572 579 pumiceis
601 527 777 566 fontibus
805 537 916 566 antra
945 531 1088 577 calent,

130 604 170 634 tu
201 595 297 634 colis
326 593 443 644 Argei
473 607 648 644 regnum,
681 596 878 641 Faustme,
910 595 1055 643 coloni,

185 674 264 710 quo
294 668 331 698 te
362 659 421 697 bis
450 659 629 698 decimus
659 658 768 697 ducit
797 660 848 697 ab
878 660 974 698 urbe
1004 661 1112 710 lapis.

131 726 287 765 horrida
316 726 385 764 sed
416 726 565 763 fervent
596 724 787 763 Nemeaei
816 733 977 774 pectora
1007 727 1181 773 monstri,
1442 746 1458 775 5

184 804 257 830 nec
287 790 378 829 satis
409 798 466 828 est
497 789 612 827 Baias
642 789 731 839 igne
761 791 886 829 calere
916 804 999 829 suo.

130 870 221 906 ergo
251 856 347 894 sacri
378 857 506 894 fontes
536 863 573 893 et
603 854 715 892 litora
743 863 852 905 grata
880 858 1015 902 valete,

184 923 459 971 Nympharum
489 920 632 970 pariter
662 921 960 970 Nereidumque
990 923 1145 960 domus.

132 988 352 1025 Herculeos
381 987 501 1024 colles
529 985 659 1035 gelida
687 999 757 1023 vos
786 985 929 1024 vincite
960 987 1110 1033 bruma,

183 1064 288 1089 nune
318 1049 536 1089 Tiburtinis
566 1049 694 1088 cedite
724 1050 941 1099 frigoribus.
1422 1071 1460 1093 10

614 1128 756 1164 LVIII

130 1201 177 1237 In
208 1198 379 1237 tenebris
408 1200 516 1247 luges
545 1197 745 1245 amissum,
779 1199 902 1245 Galla,
935 1199 1130 1237 maritum.

182 1278 273 1302 nam
304 1266 454 1315 plorare
483 1264 606 1314 pudet
635 1271 684 1309 te,
716 1271 824 1313 puto,
857 1265 970 1302 Galla
998 1264 1134 1303 virum.

640 1341 735 1378 LIX

130 1406 334 1445 Flentibus
365 1404 583 1444 Heliadum
614 1405 731 1443 ramis
761 1406 856 1443 dum
887 1405 1018 1456 vipera
1047 1406 1159 1456 repit,

182 1471 291 1510 fluxit
321 1470 360 1508 in
391 1478 614 1520 opstantem
645 1470 782 1508 sucina
810 1484 967 1521 gemma
996 1473 1143 1510 feram:

129 1550 230 1586 quae
259 1537 354 1574 dum
386 1535 546 1573 miratur
574 1535 709 1585 pingui
740 1548 780 1573 se
810 1548 895 1574 rore
924 1535 1058 1582 teneri,

182 1609 368 1640 concreto
398 1600 511 1650 riguit
540 1600 671 1638 vincta
700 1608 860 1650 repente
889 1602 989 1650 gelu.

130 1668 191 1705 Ne
220 1666 290 1705 tibi
320 1665 436 1716 regali
466 1667 633 1716 placeas,
665 1666 885 1716 Cleopatra,
917 1667 1137 1716 sepulchro,
1440 1682 1456 1713 5

181 1731 313 1782 vipera
342 1731 372 1769 si
403 1732 555 1769 tumulo
585 1730 777 1769 nobiliore
807 1731 917 1769 iacet.

648 1809 720 1845 LX

127 1880 259 1918 Ardea
288 1878 454 1916 solstitio
484 1878 753 1928 Castranaque
783 1892 869 1916 rura
898 1886 1082 1929 petantur

180 1944 328 1994 quique
358 1945 559 1983 Cleonaeo
588 1943 714 1982 sidere
743 1945 864 1982 fervet
893 1958 994 1995 ager,

127 2023 216 2048 cum
247 2009 475 2048 Tiburtinas
505 2011 667 2048 damnet
697 2009 894 2049 Curiatius
923 2023 1035 2047 auras

181 2074 281 2113 inter
310 2076 488 2113 laudatas
517 2076 568 2113 ad
599 2076 717 2125 Styga
746 2075 888 2113 missus
916 2088 1051 2125 aquas.

171 2161 263 2191 LVII
289 2161 361 2191 hab.
387 2161 416 2191 T
546 2171 559 2190 1
580 2161 719 2192 neronis
736 2162 816 2192 AA:
841 2162 961 2192 luerini
978 2162 1086 2192 BACA
1237 2173 1256 2192 2
1281 2162 1387 2192 latent
1403 2162 1456 2191 BA

126 2214 145 2242 3
169 2205 275 2244 Argei
300 2205 479 2235 Heinsius:
514 2205 608 2244 argio
645 2205 688 2234 T:
719 2206 826 2243 argiui
843 2216 882 2235 cx
898 2206 991 2245 argui
1011 2205 1072 2241 (-iu
1086 2206 1110 2236 25
1131 2209 1168 2234 ut
1184 2205 1246 2236 vid.
1266 2206 1336 2237 EA:
1365 2206 1456 2244 argoi

129 2247 176 2277 CA
266 2259 377 2278 rerum
401 2248 431 2278 T
557 2250 576 2278 6
600 2248 694 2278 balas
714 2248 760 2279 CA
1055 2249 1165 2279 LVIII
1192 2248 1264 2278 hab.
1282 2249 1311 2279 T
1442 2259 1453 2278 1

127 2291 282 2322 amissam
302 2296 339 2322 nt
354 2291 416 2322 vid.
437 2291 486 2322 CA
575 2302 593 2321 2
618 2303 696 2322 nam
708 2292 781 2322 Ital.
799 2304 805 2323 :
833 2292 897 2322 iam
909 2293 967 2322 AA
985 2303 991 2322 :
1008 2303 1074 2322 non
1088 2292 1193 2322 BACA
1378 2292 1455 2321 LIX

127 2335 199 2366 lmb.
221 2335 250 2364 T
376 2346 394 2365 2
419 2340 513 2374 gutta
529 2336 607 2366 AA:
633 2346 766 2375 gemma
784 2336 889 2366 BACA
996 2346 1016 2374 3
1042 2336 1178 2375 pinguis
1195 2345 1311 2366 errore
1330 2337 1454 2374 (erore‘1

127 2378 239 2408 AACA
256 2381 293 2407 ztl
306 2378 370 2409 vid.
678 2379 739 2409 LX
766 2390 778 2409 1
808 2386 1031 2419 castranaque
1056 2380 1131 2410 BA:
1167 2385 1352 2419 paestaque
1382 2381 1457 2419 (plo

130 2421 380 2462 Paestanaque)
410 2422 456 2452 CA
588 2432 607 2461 3
633 2433 691 2454 cur
707 2423 809 2454 latius
824 2423 879 2453 ΒΛ
