1684 2763
226 156 281 193 M.
313 155 435 193 VAL.
471 156 785 195 MARTIALIS

222 279 283 305 ars
313 274 371 305 est
399 267 584 317 captandi
613 269 722 317 quod
751 268 853 307 nolis
880 270 981 308 velle
1008 269 1155 318 videri;

275 345 326 370 ne
354 332 473 370 facias
501 339 610 382 optat
640 334 749 382 quod
777 341 886 383 rogat
914 341 957 373 ut
985 334 1115 373 facias.

222 396 326 435 dicat
355 404 633 446 praegnantem
669 405 736 435 tua
764 411 807 436 se
836 398 1034 437 Cosconia
1063 406 1243 437 tantum:
1529 418 1545 447 5

274 461 455 511 pallidior
483 461 551 500 fiet
579 461 656 499 iam
686 462 862 512 pariente
890 464 1036 513 Lupus.

222 528 274 564 At
303 533 344 564 tu
375 526 541 564 consilio
568 526 735 564 videaris
763 534 807 564 ut
835 541 929 565 usus
957 527 1086 575 amici,

275 590 330 629 sic
358 604 509 629 morere
537 598 580 628 ut
608 592 755 628 factum
785 599 824 629 te
853 598 962 641 putet
991 605 1077 630 esse
1105 600 1267 642 patrem.

729 673 822 710 LVI

221 749 340 795 Quod
371 747 535 785 nimium
566 755 745 795 mortem,
777 749 1026 787 Chaeremon
1060 749 1203 797 Stoice,
1233 751 1381 797 laudas,

271 812 327 850 vis
356 812 532 850 animum
563 812 679 851 mirer
708 813 999 864 suspiciamque
1028 816 1171 852 tuum?

220 878 320 914 hanc
349 877 420 915 tibi
449 877 630 916 virtutem
660 879 780 916 fracta
809 878 900 916 facit
929 892 1068 917 urceus
1097 892 1203 924 ansa,

271 949 309 979 et
338 942 455 980 tristis
484 944 593 980 nullo
622 943 689 992 qui
720 951 825 993 tepet
854 943 944 993 igne
972 945 1097 990 focus,

218 1014 253 1043 et
283 1014 389 1056 teges
419 1015 456 1045 et
485 1007 612 1045 cimex
642 1016 679 1046 et
710 1008 805 1046 nudi
835 1009 989 1058 sponda
1017 1008 1177 1057 grabati,

270 1079 307 1109 et
337 1071 464 1110 brevis
492 1080 610 1122 atque
640 1074 779 1110 eadem
809 1081 927 1111 nocte
955 1073 1099 1122 dieque
1128 1081 1228 1123 toga.

217 1136 253 1173 O
283 1149 401 1185 quam
432 1149 596 1186 magnus
625 1138 747 1175 homo
776 1150 817 1175 es
846 1137 913 1186 qui
943 1139 1051 1175 faece
1080 1138 1254 1176 rubentis
1283 1139 1382 1177 aceti

271 1209 307 1238 et
337 1201 479 1251 stipula
508 1209 547 1240 et
576 1202 687 1252 nigro
715 1216 818 1252 pane
847 1215 977 1240 carere
1006 1206 1143 1252 potes!

219 1266 450 1304 Leuconicis
478 1268 647 1316 agedum
678 1275 825 1305 tumeat
855 1267 924 1305 tibi
955 1267 1097 1305 culcita
1125 1268 1224 1306 lanis

267 1331 586 1380 constringatque
615 1340 703 1369 tuos
731 1345 901 1381 purpura
929 1345 1028 1381 pexa
1056 1340 1175 1379 toros,
1502 1351 1542 1372 10

216 1394 382 1432 dormiat
412 1403 449 1433 et
479 1403 609 1433 tecum
640 1396 706 1445 qui
736 1409 825 1433 cum
857 1397 979 1434 modo
1009 1397 1195 1435 Caecuba
1229 1397 1365 1436 miscet

268 1459 452 1497 convivas
481 1473 595 1498 roseo
625 1468 786 1498 torserat
816 1474 883 1499 ore
912 1474 1030 1510 puer:

215 1537 236 1559 o
267 1536 383 1573 quam
415 1531 456 1562 tu
487 1524 621 1574 cupies
650 1532 708 1563 ter
735 1525 864 1563 vivere
893 1524 1071 1563 Nestoris
1100 1539 1226 1563 annos

267 1596 305 1626 et
333 1588 429 1626 nihil
459 1602 505 1627 ex
534 1591 613 1627 ulla
641 1591 804 1639 perdere
834 1591 921 1628 luce
949 1591 1082 1628 voles!

217 1653 351 1691 Rebus
380 1653 419 1691 in
448 1654 622 1703 angustis
650 1653 763 1692 facile
792 1662 849 1692 est
879 1663 1133 1693 contemnere
1160 1655 1305 1694 vitam:
1502 1673 1537 1703 ις

266 1718 412 1756 fortiter
440 1718 506 1756 ille
533 1719 623 1757 facit
653 1719 719 1769 qui
750 1719 866 1757 miser
894 1733 980 1758 esse
1007 1727 1149 1769 potest.

707 1802 823 1838 LVII

214 1874 367 1913 Miraris
396 1876 516 1913 docto
546 1876 653 1925 quod
683 1875 855 1914 carmina
885 1876 997 1913 mitto
1028 1877 1181 1923 Severo,

266 1941 315 1978 ad
345 1954 482 1978 cenam
514 1954 603 1978 cum
634 1948 682 1987 te,
714 1943 832 1979 docte
861 1943 1013 1988 Severe,
1044 1943 1216 1980 vocem?

215 2005 390 2055 Iuppiter
417 2005 614 2043 ambrosia
643 2014 748 2043 satur
776 2014 834 2044 est
863 2014 900 2044 et
930 2013 1087 2044 nectare
1115 2006 1207 2044 vivit
1222 2021 1231 2054 3

264 2083 336 2108 nos
366 2078 497 2108 tamen
527 2078 614 2108 exta
644 2071 728 2108 Iovi
758 2072 878 2109 cruda
907 2085 1137 2120 merumque
1167 2072 1317 2109 damus.

256 2173 312 2203 LV
336 2183 355 2211 3
380 2173 476 2204 nobis
496 2173 544 2204 CA
634 2184 651 2212 4
678 2183 739 2204 nec
756 2173 856 2204 saciat
878 2173 908 2204 T
1012 2174 1032 2203 6
1056 2173 1183 2213 pariete
1201 2173 1249 2204 CA

256 2216 327 2246 LVI
351 2227 402 2247 vv.
423 2227 517 2253 1-10‚
531 2216 717 2255 13—16l1ab.
738 2216 768 2247 T
852 2226 866 2246 1
891 2221 1032 2247 mortem
1049 2240 1056 2247 .
1076 2241 1084 2248 .
1104 2241 1111 2248 .
1132 2218 1247 2248 laudas
1260 2216 1379 2248 AABA
1395 2230 1401 2248 ε
1419 2218 1534 2249 laudas

211 2284 216 2289 .
240 2283 246 2289 .
268 2283 276 2291 .
296 2264 435 2290 mortem
456 2260 504 2290 CA
577 2261 750 2290 dieremon
774 2260 803 2289 T
873 2261 936 2290 stoi
956 2259 1099 2299 CA<11on
1116 2259 1170 2299 X)
1317 2271 1336 2290 2
1361 2261 1462 2291 miser
1478 2261 1533 2291 BA

213 2308 242 2333 ἐ
255 2308 314 2342 pro
331 2303 359 2337 r)
443 2314 460 2342 7
478 2303 551 2344 qui]
571 2314 636 2343 que
656 2303 685 2334 T
741 2314 764 2334 r.
783 2314 861 2334 acer
875 2303 924 2334 CA
1017 2313 1051 2333 11
1072 2304 1172 2333 modo
1189 2303 1244 2342 qui
1259 2304 1335 2334 dum
1351 2303 1534 2334 Gronovius

211 2345 325 2376 miscet
341 2344 396 2375 ΒΑ
413 2358 420 2377 :
451 2347 573 2377 misces
591 2346 653 2386 CA,
671 2346 758 2377 unde
772 2347 828 2385 qui
846 2347 1018 2377 commoda
1034 2346 1071 2377 C.
1093 2347 1238 2377 miscens
1257 2348 1297 2386 (3)
1319 2346 1436 2377 Gilbert

255 2388 346 2419 LVII
374 2398 387 2418 1
415 2399 535 2420 seuero
553 2389 629 2420 BA:
653 2400 772 2420 severe
790 2389 839 2420 CA
985 2400 1004 2428 3
1028 2390 1211 2421 ambrosias
1232 2390 1281 2420 CA
1371 2391 1464 2420 uiuet
1483 2389 1531 2420 CA

209 2443 227 2469 4
254 2431 371 2472 cruda]
390 2442 469 2463 cura
488 2432 535 2463 CA
553 2434 644 2473 (corr.
661 2438 736 2463 tura
752 2433 829 2473 ΕΒ)
