1684 2763
755 128 1224 167 EPIGRAMMATON
1255 129 1358 166 LIB.
1391 129 1472 166 XII

144 237 317 276 carmina
345 250 435 276 cum
466 237 585 275 facias
615 236 687 275 soli
717 237 899 275 cedentia
927 237 1043 283 fratri,

197 310 356 352 pectore
385 316 465 341 non
496 301 624 340 minor
653 316 694 340 es
723 303 793 341 sed
823 301 968 352 pietate
998 302 1110 352 prior.

145 367 287 405 Lesbia
317 380 407 404 cum
437 366 569 416 lepido
599 374 636 405 tc
665 374 798 416 posset
827 380 957 405 amare
988 368 1157 413 Catullo,
1457 383 1473 414 5

198 440 235 470 te
265 439 353 481 post
384 433 586 470 Nasonem
618 432 764 471 blanda
793 431 968 471 Corinna
997 431 1119 481 sequi.

144 510 217 535 nec
246 498 384 535 derant
413 496 568 546 zephyri
598 496 629 535 si
659 505 697 535 te
726 498 819 536 dare
848 498 934 535 vela
962 496 1138 544 iuvaret,-

198 563 267 600 sed
298 569 338 600 tu
368 561 458 600 litus
487 575 606 600 amas.
667 563 761 600 Hoc
791 575 950 612 quoque
980 562 1104 600 fratris
1135 562 1267 600 habes.

648 646 759 682 XLV

254 709 440 747 Haedina
469 708 539 747 tibi
569 710 670 758 pelle
701 709 925 759 contegenti

252 775 381 812 nudae
411 781 590 823 tempora
618 773 883 823 verticemque
913 775 1056 821 calvae,

251 839 387 877 festive
417 838 497 885 tibi,
531 839 704 886 Phoebe,
736 838 832 878 dixit
861 839 925 877 ille

251 903 318 953 qui
347 902 442 943 dixit
472 911 589 953 caput
619 917 704 943 esse
734 906 961 942 calceatum.

529 988 663 1024 XLVI
696 986 890 1037 (XLVII)

145 1050 323 1089 Difficilis
352 1050 489 1098 facilis,
519 1050 715 1089 iucundus
744 1051 909 1089 acerbus
939 1064 980 1089 es
1010 1050 1138 1089 idem:

197 1129 269 1154 nec
299 1123 430 1154 tecum
460 1129 621 1166 possum
651 1115 779 1154 vivere
810 1128 883 1153 nec
913 1115 996 1154 sine
1026 1123 1073 1154 te.

517 1199 675 1236 XLVII
713 1198 883 1248 (XLVI)

251 1264 440 1301 Vendunt
469 1262 643 1300 carmina
673 1264 809 1301 Gallus
840 1270 877 1301 et
909 1264 1121 1313 Lupercus.

250 1341 377 1374 sanos
410 1327 594 1375 Classice,
627 1341 733 1366 nunc
764 1341 863 1377 nega
892 1336 1039 1378 poetas.

608 1411 791 1447 XLVIII

144 1476 303 1513 Boletos
334 1482 371 1512 et
400 1487 537 1524 aprum
568 1474 599 1512 si
629 1482 830 1523 tamquam
860 1474 951 1512 vilia
979 1473 1094 1524 ponis

195 1548 233 1578 et
263 1553 343 1578 non
373 1552 458 1577 esse
487 1547 601 1588 putas
631 1540 728 1577 haec
759 1552 847 1577 mea
875 1546 976 1585 vota,
1008 1541 1123 1577 volo:

142 1604 173 1642 si
202 1605 445 1642 fortunatum
475 1603 557 1641 fieri
588 1617 651 1641 me
680 1603 806 1641 credis
836 1611 873 1641 et
903 1605 1015 1641 heres

195 1669 252 1707 vis
282 1668 397 1707 scribi
427 1676 585 1718 propter
614 1668 789 1718 quinque
821 1668 1000 1715 Lucrina,
1032 1669 1126 1706 vale.

142 1737 267 1772 Lauta
295 1741 427 1772 tamen
458 1747 556 1771 Cena
585 1741 666 1772 est:
706 1735 840 1780 fateor,
872 1733 1098 1780 lautissima,
1132 1734 1201 1771 sed
1231 1746 1313 1771 cras
1455 1750 1471 1780 5

195 1799 248 1837 nil
279 1799 360 1846 erit,
391 1798 514 1837 immo
544 1798 674 1846 hodie,
706 1798 884 1848 protinus
915 1799 1038 1837 immo
1068 1798 1178 1846 nihil,

141 1865 249 1914 quod
279 1863 375 1902 sciat
404 1863 537 1901 infelix
567 1865 777 1902 damnatae
807 1877 982 1913 spongea
1011 1863 1138 1913 virgae

194 1931 255 1968 vel
284 1928 525 1979 quicumque
555 1929 662 1967 canis
693 1928 906 1978 iunctaque
935 1936 1035 1967 testa
1063 1928 1170 1967 viae:

184 2041 203 2071 5
227 2032 340 2071 lepido
363 2032 440 2063 BA:
465 2037 584 2063 tenero
611 2031 661 2063 CA
794 2042 811 2071 7
836 2033 969 2063 iuuaret
993 2031 1071 2063 BA:
1096 2031 1335 2074 iuuauit-Q-bit)
1357 2031 1406 2062 CA

184 2076 278 2106 XLV
301 2085 320 2105 2
345 2076 433 2106 nuda
451 2076 598 2115 timpora
621 2075 676 2105 ΒΑ
779 2086 798 2114 4
823 2076 925 2116 dixit]
952 2076 1030 2106 dum
1058 2076 1105 2106 CA
1125 2077 1199 2116 (pro
1224 2077 1255 2114 d,
1276 2076 1324 2106 zze.
1347 2075 1431 2105 dixit
1446 2077 1469 2113 2)

143 2119 318 2150 calciatum
336 2119 423 2150 codd.

184 2162 295 2193 XLVI
319 2162 392 2195 hab.
419 2163 448 2193 T
579 2172 592 2192 1
619 2167 653 2193 et
679 2163 788 2193 isdem
822 2163 851 2193 T
873 2161 918 2203 (et
932 2162 1016 2201 fort.
1041 2162 1144 2195 AAl:
1177 2162 1306 2192 eisdem
1331 2161 1410 2192 BA:
1435 2172 1471 2191 es

140 2207 229 2237 idem
257 2206 307 2236 CA
525 2206 655 2237 XLVII
680 2217 746 2237 om.
769 2205 817 2236 CA
1037 2205 1185 2236 XLVIII
1210 2216 1258 2236 vv.
1281 2206 1352 2244 1-6,
1373 2215 1469 2244 9-10,

143 2250 246 2288 13-18
270 2249 344 2280 lzab.
372 2249 402 2280 T
546 2260 558 2279 1
587 2254 620 2280 et
644 2260 709 2280 om.
731 2250 779 2281 CA
938 2249 965 2279 si
982 2248 1080 2280 Ital.:
1105 2249 1152 2279 sic
1168 2248 1283 2279 ΑΛΒΑ
1303 2260 1309 2278 :
1332 2258 1396 2278 om.
1424 2248 1471 2278 CA

139 2304 158 2323 2
184 2293 264 2324 nolo
283 2292 379 2333 (EA)
399 2293 448 2323 vel
462 2292 538 2323 uolo
559 2292 627 2333 (X)
650 2292 698 2323 CA
888 2293 908 2322 6
934 2293 1033 2323 immo
1050 2292 1151 2323 hodie
1170 2292 1181 2332 ]
1202 2293 1233 2322 in
1253 2292 1363 2322 medio
1385 2291 1413 2322 T
1428 2292 1472 2331 (cl

130 2337 304 2376 f0r1.AA)
412 2346 429 2374 7
454 2337 634 2367 damnatae
650 2336 727 2367 BA:
752 2337 875 2367 damna
902 2336 951 2367 CA
1066 2336 1184 2375 uirgae
1207 2335 1282 2367 BA:
1308 2336 1403 2374 uirga
1423 2334 1470 2365 CA

140 2381 160 2410 8
185 2390 245 2411 nec
262 2379 339 2410 BA:
364 2379 420 2410 uel
441 2380 487 2410 CA
