1684 2763
230 159 285 196 M.
319 159 438 196 VAL.
470 159 785 197 MARTIALIS

693 270 876 307 XLVIII

230 338 380 376 Percidi
409 339 567 388 gaudes,
600 339 783 388 percisus,
817 340 972 389 Papyle,
1004 341 1143 389 ploras.

281 417 358 450 cur,
392 417 492 452 quae
520 403 577 442 vis
608 404 700 451 fieri,
732 406 888 454 Papyle,
920 406 1021 443 facta
1050 406 1190 443 doles?

228 468 401 517 paenitet
430 469 626 507 obscenae
656 469 891 519 pruriginis?
929 483 979 507 an
1010 469 1133 519 magis
1163 469 1260 508 illud

283 535 362 579 fles,
395 535 503 583 quod
533 534 691 584 percidi,
725 536 880 584 Papyle,
913 534 1107 573 desieris?

712 611 849 646 XLIX

231 678 378 725 Nescit,
411 680 526 717 crede
556 678 662 725 mihi,
695 679 791 728 quid
822 678 897 716 sint
927 678 1219 728 epigrammata,
1252 681 1403 726 Flacce,

284 743 350 793 qui
380 751 532 781 tantum
563 745 669 781 lusus
700 743 763 781 illa
793 743 980 793 iocosque
1010 752 1135 782 vocat.

231 808 293 846 ille
324 808 444 857 magis
474 808 573 846 ludit
603 808 669 858 qui
700 808 834 846 scribit
863 808 1027 858 prandia
1056 808 1160 846 saevi

284 874 432 911 Tereos
461 881 527 910 aut
556 886 706 920 cenam,
738 875 858 911 crude
887 874 1070 922 Thyesta,
1104 881 1223 919 tuam,

231 945 296 975 aut
327 951 448 987 puero
477 937 645 987 liquidas
675 945 876 987 aptantem
909 939 1115 976 Daedalon
1145 939 1225 976 alas

284 1010 511 1052 pascentem
541 1002 690 1040 Siculas
719 1010 785 1040 aut
816 1004 1088 1052 Polyphemon
1118 1002 1212 1041 ovis.

231 1081 251 1104 a
283 1066 423 1104 nostris
454 1069 588 1116 procul
619 1075 676 1104 est
706 1066 834 1104 omnis
864 1066 993 1105 vesica
1022 1067 1163 1105 libellis

289 1133 405 1169 Musa
433 1145 506 1170 nee
536 1132 675 1170 insano
705 1139 872 1181 syrmate
902 1141 1033 1169 nostra
1063 1140 1198 1170 tumet.

236 1198 329 1234 ‘Illa
359 1205 489 1235 tamen
520 1198 681 1235 laudant
711 1210 860 1238 omnes,
895 1196 1092 1242 mirantur,
1124 1199 1314 1235 adorant)

287 1263 514 1301 Confiteor:
552 1263 713 1300 laudant
742 1262 806 1298 illa
836 1262 904 1299 sed
935 1261 1007 1298 ista
1036 1263 1179 1310 legunt.

342 1407 448 1456 Quid
480 1421 552 1453 me,
586 1406 697 1453 Thai,
730 1420 864 1445 senem
896 1406 1064 1445 subinde
1093 1406 1221 1445 dicis?

341 1486 460 1510 nemo
489 1480 557 1518 est,
590 1472 702 1518 Thai,
736 1485 854 1510 senex
882 1473 934 1510 ad
963 1471 1245 1510 irrumandum.

762 1550 816 1586 LI

236 1621 336 1657 (jum
368 1619 438 1657 tibi
468 1632 548 1656 non
579 1626 708 1656 essent
738 1632 805 1656 sex
834 1617 949 1664 milia,
983 1617 1218 1665 caeciliane,

288 1684 434 1733 ingenti
465 1685 540 1722 late
570 1691 704 1721 vectus
735 1697 774 1721 es
805 1684 1056 1732 hexaphoro:

236 1756 444 1798 postquam
476 1748 534 1785 bis
564 1748 695 1786 decies
725 1748 858 1785 tribuit
888 1749 962 1786 dea
991 1760 1108 1785 caeca
1137 1747 1346 1796 sinumque

289 1820 475 1862 ruperunt
505 1812 668 1857 nummi,
700 1813 824 1849 factus
854 1825 905 1853 es,
938 1825 1040 1857 ecce,
1073 1813 1205 1860 pedes.

238 1877 345 1926 Quid
375 1877 444 1915 tibi
475 1890 544 1926 pro
575 1876 719 1914 meritis
750 1884 787 1914 et
817 1876 933 1913 tantis
962 1876 1144 1914 laudibus
1175 1877 1338 1926 optem?

291 1942 330 1981 di
361 1943 527 1980 reddant
557 1943 702 1987 sellam,
735 1940 968 1988 caeciliane,
1001 1940 1082 1978 tibi.

751 2017 828 2054 LII

238 2088 389 2127 Gestari
419 2088 560 2126 iunctis
590 2088 662 2126 nisi
694 2087 853 2134 desinis,
884 2088 1052 2136 Hedyle,
1085 2086 1220 2136 capris,

291 2153 357 2202 qui
387 2154 508 2191 modo
538 2154 634 2190 ficus
664 2165 758 2199 eras,
790 2151 867 2189 iani
898 2151 1104 2201 caprificus
1134 2151 1218 2189 eris.

281 2233 427 2264 XLVIII
451 2233 527 2264 hab.
553 2233 581 2262 T
740 2242 767 2270 1,
787 2242 816 2271 2,
836 2242 855 2268 4
880 2231 1028 2270 phapyle
1052 2231 1098 2263 T:
1124 2230 1297 2269 Pamphile
1311 2229 1385 2260 Ital.

239 2277 427 2316 prudiginis
453 2287 529 2307 corr.
563 2286 655 2315 prur·
682 2279 718 2306 ut
741 2275 802 2306 vid.
830 2274 884 2304 BA
1104 2273 1218 2304 XLIX
1241 2273 1312 2304 lzab.
1342 2273 1372 2303 T

1525 1278 1563 1299 10

1543 2240 1562 2268 3

1499 2283 1562 2312 1‚2

240 2320 355 2350 Nescit
381 2344 388 2350 .
413 2344 420 2350 .
450 2343 456 2350 .
487 2324 584 2349 uocat
608 2319 741 2349 AACA:
773 2318 892 2348 Nescis
915 2341 922 2349 .
952 2340 959 2346 .
988 2342 995 2348 .
1021 2322 1119 2356 putas
1149 2317 1205 2346 ΒΑ
1404 2325 1417 2346 1
1443 2316 1487 2346 sit
1517 2316 1563 2347 CA

239 2374 257 2392 2
281 2363 343 2393 ista
360 2363 438 2394 AA:
464 2362 634 2393 illaBACA
765 2372 784 2400 4
810 2362 906 2392 trude
933 2360 981 2390 CA
1011 2364 1045 2390 ul
1062 2361 1125 2391 vid.
1175 2360 1310 2398 thyeste
1333 2358 1430 2400 (thi-)
1456 2358 1558 2398 codd„

236 2407 310 2443 fort.
331 2409 407 2436 recte
425 2408 487 2447 (—ta
500 2405 549 2444 X)
640 2407 660 2434 6
684 2405 794 2446 pasc.]
813 2414 948 2443 parcem
967 2403 995 2433 T
1078 2414 1099 2442 9
1122 2404 1261 2434 laudent
1283 2402 1312 2432 T

1445 2402 1560 2440 L1,2

229 2440 407 2480 ‘ThaisBA
570 2448 612 2478 LI
637 2447 710 2479 κιαι).
731 2449 761 2479 T
798 2459 804 2465 ·
828 2458 841 2478 1
862 2452 953 2478 esset
975 2448 1055 2488 fiet>
1074 2447 1122 2477 CA
1210 2457 1230 2486 3
1255 2445 1370 2476 tribuit
1384 2445 1497 2476 decies
1511 2444 1559 2475 cA
