1684 2763
197 165 252 201 M.
284 164 405 201 VAL.
438 164 751 202 MARTIALIS

305 288 397 312 nam
427 288 506 324 quo
537 282 713 325 tempore
742 275 946 325 praedium
976 274 1130 321 dedisti,

305 340 461 377 mallem
491 347 533 377 tu
563 339 659 377 mihi
688 339 896 390 prandium
925 338 1113 378 dedisses.

726 428 826 464 XIX

201 496 365 545 Quaeris
395 509 463 534 cur
491 495 614 534 nolim
644 503 681 534 te
711 497 868 543 ducere,
897 497 1040 534 Galla?
1097 495 1251 534 Diserta
1281 508 1333 534 es.

253 574 370 610 saepe
400 561 677 599 soloecismum
707 562 882 598 mentula
910 567 1043 598 nostra
1070 560 1173 599 facit.

734 647 810 683 XX

205 722 381 762 Caesaris
411 721 578 772 Augusti
606 721 783 768 lascivos,
814 721 943 769 livide,
974 735 1105 760 versus

252 802 318 826 sex
347 789 442 836 lege,
474 786 541 836 qui
570 786 686 825 tristis
715 787 834 825 verba
862 787 1003 825 Latina
1030 787 1151 837 legis:

202 856 210 872 ‘
229 853 350 901 Quod
379 851 494 890 futuit
525 852 750 900 Glaphyran
780 851 989 899 Antonius,
1020 853 1122 890 hanc
1151 852 1247 890 mihi
1275 865 1443 902 poenam

261 916 397 955 Fulvia
425 916 638 962 constituit,
670 930 711 954 se
740 930 899 966 quoque
928 916 985 955 uti
1013 918 1174 955 futuam.

206 980 381 1019 Fulviam
412 994 484 1031 ego
514 988 556 1018 ut
585 981 765 1018 futuam?
803 979 899 1030 quid
928 980 960 1018 si
989 994 1052 1019 me
1083 980 1241 1019 Manius
1271 988 1353 1019 oret
1507 996 1524 1026 5

260 1045 452 1095 pedicem,
483 1045 655 1083 faciam?
692 1056 772 1082 non
802 1053 910 1094 puto,
941 1044 972 1083 si
1002 1045 1160 1095 sapiam.

203 1113 323 1148 “Aut
352 1112 471 1156 futue,
502 1117 569 1147 aut
598 1123 817 1159 pugnemus
834 1111 851 1127 '³
881 1109 943 1147 ait.
1004 1110 1113 1158 Quid
1142 1111 1251 1159 quod
1281 1110 1376 1148 mihi
1406 1110 1481 1147 vita

258 1174 382 1213 carior
411 1182 468 1213 est
498 1174 582 1224 ipsa
612 1175 816 1212 mentula?
872 1174 990 1223 Signa
1019 1175 1206 1212 canantl'

205 1240 386 1290 Apsolvis
417 1239 568 1289 lepidos
598 1238 793 1285 nimirum,
824 1241 1010 1288 Auguste,
1042 1238 1205 1286 libellos,

259 1304 325 1354 qui
356 1304 430 1342 scis
462 1306 643 1342 Romana
673 1303 920 1353 simplicitate
949 1303 1071 1354 loqui.
1492 1319 1529 1341 10

711 1392 810 1428 XXI

209 1465 330 1514 Lydia
359 1473 438 1503 tam
468 1466 553 1502 laxa
581 1471 639 1502 est
668 1463 809 1514 equitis
839 1477 957 1513 quam
986 1465 1097 1502 culus
1125 1463 1225 1511 aeni,

260 1543 378 1580 quam
409 1531 510 1568 celer
538 1537 674 1579 arguto
705 1528 771 1578 qui
801 1537 914 1567 sonat
943 1542 1031 1567 aere
1060 1530 1228 1575 trochus,

205 1608 323 1644 quam
353 1602 436 1633 rota
465 1594 691 1632 transmisso
721 1593 864 1632 totiens
893 1593 1049 1643 inpacta
1078 1601 1250 1643 petauro,

262 1673 380 1709 quam
410 1667 520 1697 vetus
550 1673 572 1696 a
601 1672 729 1697 crassa
759 1660 913 1696 calceus
943 1660 1044 1696 udus
1073 1672 1187 1708 aqua,

207 1738 325 1773 quam
356 1737 456 1774 quae
486 1737 568 1761 rara
597 1737 714 1773 vagos
744 1731 950 1773 expectant
979 1723 1074 1761 retia
1102 1724 1248 1769 turdos,
1514 1739 1531 1769 5

261 1802 379 1838 quam
410 1788 653 1837 Pompeiano
683 1789 767 1825 vela
797 1795 936 1837 negata
965 1789 1084 1834 Noto,

209 1867 327 1902 quam
358 1866 458 1902 quae
488 1854 537 1890 de
567 1851 735 1901 pthisico
764 1853 871 1901 lapsa
900 1859 957 1889 est
986 1851 1135 1889 armilla
1164 1851 1340 1896 cinaedo,

261 1917 403 1955 culcita
432 1916 659 1955 Leuconico
688 1929 806 1966 quam
836 1915 994 1954 viduata
1022 1929 1104 1962 suo,

210 1995 327 2032 quam
357 1990 505 2020 veteres
537 1982 675 2018 bracae
705 1980 891 2018 Brittonis
922 1979 1113 2030 pauperis,
1145 1987 1182 2018 et
1214 1992 1331 2029 quam

262 2055 373 2096 turpe
404 2045 644 2084 Ravennatis
672 2052 803 2095 guttur
832 2044 1057 2083 onocrotali.
1494 2059 1532 2079 10

256 2148 341 2178 XIX
364 2147 437 2178 lzab.
460 2147 518 2177 TR

255 2190 323 2221 XX
347 2191 410 2229 3-8
434 2201 505 2221 nov.
527 2191 624 2230 eptgr.
645 2189 680 2220 in
703 2189 791 2220 codd.
926 2199 945 2228 3
970 2189 1033 2220 suit
1051 2189 1145 2230 (EA)
1165 2190 1213 2220 vel
1227 2189 1327 2219 futuit
1347 2189 1396 2220 CA
1512 2200 1531 2226 4

213 2240 247 2265 ut
261 2234 310 2264 CA
473 2244 492 2272 5
518 2234 738 2264 mammanius
751 2233 827 2263 BA:
851 2244 904 2263 me
921 2234 1061 2263 mamius
1082 2233 1131 2263 CA
1297 2232 1317 2261 8
1341 2236 1439 2262 canat
1456 2230 1510 2260 BA
1527 2243 1533 2261 :

212 2282 335 2308 canant
358 2277 407 2307 CA
537 2287 623 2316 9—10
647 2287 718 2307 nov.
745 2277 842 2316 epigr.
864 2276 897 2306 in
921 2276 1009 2307 codd.

257 2320 341 2350 XXI
365 2320 438 2351 hab.
470 2319 500 2350 T
597 2330 615 2349 2
640 2330 736 2350 cerer
760 2319 809 2350 CA
919 2330 938 2358 3
963 2329 1039 2349 rora
1062 2319 1091 2349 T
1154 2319 1277 2349 intacta
1292 2317 1376 2348 AA:
1401 2318 1533 2356 inpacta

211 2363 318 2394 BACA
420 2372 439 2400 5
463 2368 665 2402 exspectent
682 2362 729 2393 CA
832 2363 852 2392 6
877 2368 999 2402 negato
1019 2361 1112 2403 (EA)
1132 2363 1180 2392 vel
1194 2367 1317 2401 negata
1335 2360 1384 2391 CA
1513 2370 1535 2399 9

213 2407 389 2438 rauennati
406 2407 459 2436 ΒΑ
549 2406 680 2447 guttur]
699 2410 792 2437 tutor
813 2405 844 2437 T
