1684 2763
785 145 1251 183 EPIGRAMMATON
1286 144 1385 181 Lm.

654 256 751 293 XVI

145 330 205 366 'l‘u
237 327 301 377 qui
335 340 434 377 pene
464 326 566 364 viros
598 333 715 364 terres
745 334 783 364 ct
815 327 912 364 falce
941 326 1140 373 cinaedos,

199 392 329 441 iugera
358 391 517 440 sepositi
549 404 674 440 pauca
705 397 812 428 tuere
842 391 925 429 soli.

144 457 198 495 sic
229 465 294 495 tua
325 470 403 494 non
434 456 577 494 intrent
608 455 724 493 vetuli
757 455 930 504 pomaria
961 457 1073 501 fures,

198 523 267 561 scd
299 535 393 572 puer
423 529 460 559 et
491 520 616 571 longis
647 522 809 570 pulchra
839 522 969 570 puella
999 521 1132 559 comis.

640 614 762 651 XVII
1193 638 1221 647 s

254 685 436 730 Cinnam,
469 683 674 730 Cinname‚
708 691 744 722 te
775 683 886 722 iubes
916 683 1056 722 vocari.

254 763 333 788 non
364 757 422 787 est
451 749 526 794 hic,
558 762 663 799 rogo,
695 749 833 795 Cinna,
866 749 1159 787 barbarismus?

255 822 295 852 tu
325 813 355 852 si
388 814 525 851 Furius
554 822 645 851 ante
675 813 802 851 dictus
833 827 948 860 esses,

256 879 434 934 Furhista
464 878 613 917 ratione
643 879 836 917 dicereris.

630 970 776 1006 XVIII

147 1043 291 1079 Sancta
322 1038 496 1078 Salonini
528 1038 637 1077 terris
668 1038 877 1089 requiescit
908 1039 1082 1086 Hiberis,

201 1118 279 1155 qua
309 1104 446 1142 melior
476 1103 626 1154 Stygias
658 1117 737 1142 non
767 1104 874 1142 videt
904 1105 1043 1143 umbra
1073 1102 1225 1143 domos.

147 1171 216 1209 sed
247 1171 376 1220 lugere
407 1170 541 1207 nefas:
582 1182 671 1206 nam
703 1168 770 1218 qui
801 1177 849 1216 te,
883 1169 1024 1216 Prisce,
1056 1169 1222 1220 reliquit,

201 1235 295 1273 vivit
326 1248 403 1285 qua
432 1234 554 1272 voluit
585 1234 713 1272 vivere
743 1242 852 1284 parte
883 1235 1015 1284 magis.

659 1329 760 1365 XIX

256 1399 349 1436 Non
380 1399 430 1436 de
459 1397 496 1435 vi
527 1411 656 1447 neque
686 1399 808 1436 caede
839 1412 912 1436 nec
942 1411 1106 1445 veneno,

255 1464 325 1501 sed
356 1463 401 1501 lis
431 1470 488 1501 est
519 1463 615 1500 mihi
645 1464 695 1501 de
726 1462 849 1501 tribus
879 1463 1067 1512 capellis:

256 1527 371 1566 vicini
403 1542 545 1577 queror
575 1529 644 1565 has
673 1528 811 1566 abesse
841 1529 954 1566 furto.

256 1594 333 1631 hoc
363 1593 479 1631 iudex
509 1593 583 1631 sibi
613 1595 785 1642 postulat
816 1592 998 1643 probari:

257 1665 297 1696 tu
329 1659 487 1697 Cannas
519 1657 915 1707 Mithridaticumque
946 1658 1094 1696 bellum

256 1730 295 1761 et
324 1722 491 1772 periuria
521 1722 659 1760 Punici
690 1723 827 1760 furoris

257 1796 296 1826 et
325 1789 451 1826 Sullas
484 1787 713 1837 Mariosque
746 1787 983 1837 Muciosque

258 1866 400 1902 magna
429 1866 527 1891 voce
557 1866 675 1891 sonas
706 1866 905 1902 manuque
936 1860 1028 1890 tota.

259 1918 345 1955 Iam
375 1917 450 1964 dic,
483 1920 682 1964 Postume,
714 1918 765 1956 de
795 1917 917 1956 tribus
947 1916 1118 1967 capellis.

674 2012 750 2048 XX

153 2081 295 2118 Mutua
325 2087 362 2118 te
392 2088 552 2119 eentum
583 2081 769 2128 sestertia,
804 2081 978 2127 Phoebe,
1010 2079 1152 2130 rogavi,

205 2158 295 2183 cum
326 2145 422 2183 mihi
445 2142 616 2184 dixisses
650 2146 803 2196 ‘Exigis
833 2159 924 2196 ergo
955 2145 1102 2183 nihil?'

1417 144 1472 179 w

197 2246 276 2277 XVI
302 2247 374 2279 hab.
401 2247 460 2277 TR
569 2258 588 2278 2
612 2248 674 2279 soli
691 2248 773 2279 AA:
797 2248 860 2279 loci
877 2247 983 2278 BACA
1116 2257 1136 2286 3
1161 2248 1267 2278 uetuit
1285 2247 1337 2276 ΒΑ
1471 2258 1489 2283 4

151 2295 185 2320 et
203 2290 285 2320 ΑΑε
318 2296 374 2321 aut
399 2291 555 2321 BACAul
570 2292 634 2323 vid.
939 2291 1038 2321 XVII
1066 2301 1079 2320 1
1107 2291 1249 2322 Cinnam
1277 2291 1411 2320 cinnam
1438 2289 1488 2319 BA

154 2333 225 2369 (sed
238 2333 403 2365 Cinname
419 2335 527 2365 cinam
545 2335 589 2374 P)
826 2335 943 2365 XVIII
970 2335 1043 2366 hab.
1068 2335 1126 2365 TR
1258 2344 1277 2363 2
1302 2334 1420 2364 domus
1438 2333 1487 2362 B*

154 2376 239 2406 XIX
263 2377 337 2408 hab.
361 2378 390 2408 T
435 2387 447 2407 1
474 2379 516 2408 de
532 2378 581 2419 vi]
601 2377 668 2408 diui
684 2379 738 2408 ΒΑ
884 2388 903 2418 5
930 2378 1078 2409 Carrhas
1094 2377 1175 2409 Luc.
1195 2376 1324 2410 Miiller.
1473 2386 1489 2412 7

153 2419 258 2459 syllas
275 2420 327 2450 ΒΑ
592 2421 659 2452 xx
683 2421 756 2453 hab.
782 2421 811 2452 T
