1684 2763
757 124 1222 161 EPIGRAMMATON
1255 124 1306 161 LI
1316 124 1357 161 B.
1390 124 1470 160 XII

254 252 333 277 non
364 251 416 284 es,
447 237 563 276 crede
593 234 699 281 mihi,
732 235 870 273 bonus.
932 235 1039 283 Quid
1070 238 1193 285 ergo?

253 305 306 341 Vt
335 316 468 340 vcrum
498 303 649 350 loquar,
678 299 851 349 optimus
882 301 1074 337 malorum
1109 314 1160 339 cs.

254 367 416 405 Pisones
448 368 698 414 Senecasque
730 363 1024 414 Memmiosque

253 440 290 470 et
320 431 479 481 Crispos
511 429 606 468 mihi
637 430 768 476 redde,
800 430 869 467 sed
900 428 1069 478 priores:

252 497 320 535 fies
349 495 526 546 protinus
556 493 716 533 ultimus
746 494 952 532 bonorum.
1439 511 1476 532 10

252 561 321 599 Vis
351 575 465 599 cursu
495 559 743 610 pedibusque
771 558 953 608 gloriari?

253 625 400 675 Tigrim
432 624 544 663 vince
574 625 780 673 levemque
812 622 1086 661 Passerinum:

252 692 357 728 nulla
386 698 443 729 cst
472 689 592 740 gloria
620 688 827 739 praeterire
855 690 1005 727 asellos.

600 789 801 825 XXXVII

252 872 426 909 Nasutus
456 869 621 908 nimium
651 868 761 918 cupis
790 868 923 907 videri.

252 943 434 974 nasutum
464 937 566 981 volo,
599 935 692 972 nolo
722 935 968 983 polyposum.

586 1033 810 1069 XXXVIII

147 1118 268 1154 Hunc
298 1115 364 1164 qui
394 1113 574 1153 femineis
604 1121 821 1163 noctesque
851 1113 1016 1163 diesque
1046 1113 1241 1151 cathedris

197 1180 345 1218 incedit
376 1187 458 1218 tota
488 1187 605 1217 notus
635 1178 674 1216 in
705 1179 801 1216 urbe
831 1178 958 1225 nimis,

144 1245 249 1284 crine
278 1244 418 1292 nitens,
451 1244 558 1294 niger
587 1251 800 1293 unguento,
832 1243 1055 1293 perlucidus
1086 1251 1203 1290 ostro,

197 1323 264 1348 ore
293 1317 416 1357 tener,
445 1311 545 1347 latus
576 1316 748 1359 pectore,
780 1321 890 1346 crure
919 1308 1065 1357 glaber,

144 1374 253 1413 uxori
282 1374 349 1424 qui
379 1387 496 1424 saepe
525 1381 615 1412 tuae
645 1387 778 1412 comes
808 1373 998 1422 inprobus
1028 1374 1175 1421 haeret,

198 1453 277 1477 non
309 1446 366 1478 est
397 1440 505 1488 quod
536 1438 686 1485 timeas,
719 1438 925 1477 Candide:
966 1451 1045 1477 non
1076 1438 1202 1476 futuit.

609 1539 789 1574 XXXIX

252 1619 330 1658 Odi
360 1627 398 1657 te
427 1618 519 1668 quia
547 1619 673 1657 bellus
703 1632 756 1665 es,
787 1618 952 1656 Sabelle.

252 1697 310 1722 res
341 1691 399 1722 est
429 1683 576 1733 putida,
610 1684 735 1721 bellus
765 1691 803 1721 et
833 1684 1026 1730 Sabellus,

251 1749 399 1787 bellum
429 1748 601 1798 denique
631 1749 735 1786 malo
765 1761 883 1797 quam
914 1748 1124 1786 Sabellum.

251 1813 450 1852 Tabescas
479 1813 641 1860 utinam,
672 1814 827 1851 Sabelle
856 1813 984 1851 belle!

662 1914 736 1950 XL

147 1988 338 2035 Mentiris,
370 1989 515 2027 credo:
555 1988 693 2027 recitas
724 1989 827 2026 mala
856 1987 1040 2035 carmina,
1072 1989 1214 2027 laudo:

198 2060 343 2100 cantas,
375 2060 515 2092 canto:
554 2053 671 2102 bibis,
701 2053 934 2100 Pontiliane,
966 2053 1085 2092 bibo:

190 2157 339 2188 XXXVI
367 2167 383 2195 7
409 2167 446 2188 es
464 2167 530 2188 om.
549 2157 624 2188 Ital.
730 2167 768 2187 12
793 2157 1044 2196 passarinumf
1242 2156 1429 2186 XXXVIII
1458 2167 1475 2186 2

146 2201 268 2232 insedit
288 2200 438 2231 Gudius:
463 2201 580 2231 insidit
600 2200 788 2230 Gullmann
872 2212 890 2239 4
916 2201 1026 2231 teneri
1053 2200 1102 2231 CA
1119 2199 1191 2240 (scd
1204 2205 1302 2230 tener
1317 2198 1368 2231 Xi
1457 2209 1475 2237 5

146 2255 227 2276 suae
249 2244 305 2274 BA
548 2244 704 2274 XXXIX
729 2243 801 2274 lmb.
826 2244 856 2274 T
950 2254 969 2273 2
994 2244 1023 2274 b.
1044 2248 1078 2274 et
1095 2243 1211 2273 ΑΑΒΑ
1229 2243 1274 2283 (b.
1294 2253 1331 2273 es
1350 2242 1416 2282 L):
1441 2242 1471 2272 b.

146 2293 197 2318 est
223 2287 272 2318 CA
404 2297 423 2325 3
449 2287 551 2318 mallo
569 2287 619 2318 CA
750 2298 769 2326 4
794 2287 882 2317 belle
906 2298 971 2317 om.
993 2287 1023 2317 T
1245 2286 1307 2316 XL
1331 2285 1403 2316 hab.
1430 2285 1474 2315 T:

145 2342 194 2362 w.
219 2341 278 2361 1-2
301 2329 375 2362 hab.
394 2330 428 2360 R
585 2341 604 2361 2
628 2330 814 2370 pontiliane
838 2330 972 2361 AACA:
996 2330 1204 2370 pompiliane
1222 2329 1277 2359 ΒΑ
1295 2329 1344 2369 (in
1363 2329 1474 2358 lcmm.

147 2384 191 2404 DE
211 2374 441 2414 PONPlLIANO)
