1684 2763
268 135 325 172 M.
356 135 478 171 VAL.
512 135 825 173 MARTIALIS

266 249 372 287 dona
401 249 509 299 quod
537 248 694 287 aestatis
724 247 811 285 misi
840 247 911 286 tibi
940 261 1075 287 mense
1106 251 1316 288 Decembri

320 313 351 352 si
381 313 562 364 quereris,
594 326 719 351 rasam
751 320 792 351 tu
824 312 919 351 mihi
949 313 1059 352 mitte
1088 322 1230 364 togam.

714 408 926 444 LXXXVI

373 478 495 526 Quod
525 490 596 515 nec
626 477 798 515 carmine
825 476 967 526 glorior
995 477 1137 527 supino

373 555 446 580 nec
475 550 576 581 retro
605 544 691 592 lego
722 543 895 580 Sotaden
925 541 1146 588 cinaedum,

372 621 566 657 nusquam
597 609 789 645 Graecula
818 608 926 656 quod
956 615 1129 645 recantat
1160 609 1258 646 echo

373 685 446 710 nec
475 672 596 710 dictat
627 671 721 709 mihi
752 673 973 709 luculentus
1004 671 1107 709 Attis

372 738 531 775 mollem
562 736 764 775 debilitate
793 735 1057 785 galliambon:
1574 755 1590 786 5

371 814 451 839 non
480 814 577 847 suni,
611 800 795 847 Classice,
826 808 905 838 tarn
936 802 1060 838 malus
1090 809 1214 850 poeta.

372 865 467 915 quid
498 866 527 903 si
558 879 625 915 per
654 865 804 915 gracilis
834 865 914 903 vias
943 865 1094 915 petauri

370 931 535 969 invitum
565 931 700 969 iubeas
730 930 860 969 subire
890 932 1057 969 Ladan?

373 1004 485 1047 turpe
514 1005 571 1035 est
601 996 777 1034 difficiles
809 996 954 1034 habere
984 1009 1107 1045 nugas

370 1069 408 1100 et
438 1063 578 1099 stultus
609 1062 720 1099 labor
749 1069 807 1098 est
836 1060 1081 1110 ineptiarum.
1554 1080 1590 1101 ιο

370 1126 511 1164 scribat
541 1126 713 1164 carmina
742 1125 894 1164 circulis
925 1126 1148 1171 Palaemon,

373 1205 435 1230 me
466 1191 557 1229 raris
589 1191 692 1229 iuvat
721 1190 879 1228 auribus
909 1192 1073 1240 placere.

694 1285 930 1321 LXXXVII

265 1354 373 1393 Dicis
403 1368 536 1393 amore
567 1355 620 1393 tui
653 1355 773 1392 bellas
803 1355 938 1392 ardere
968 1355 1128 1404 puellas,

315 1420 381 1469 qui
411 1419 550 1458 faciem
581 1420 653 1458 sub
683 1433 796 1469 aqua,
828 1421 953 1466 Sexte,
987 1419 1155 1457 natantis
1185 1419 1317 1457 habes.

692 1513 952 1550 LXXXVIII

262 1582 328 1620 Nil
357 1583 494 1621 recitas
524 1591 561 1622 et
592 1583 659 1629 vis,
694 1584 904 1629 Mamerce,
939 1589 1055 1632 poeta
1085 1581 1216 1620 videri.

315 1647 508 1698 quidquid
539 1647 594 1685 vis
624 1656 718 1693 est0‚
752 1648 973 1685 dummodo
1004 1646 1057 1684 nil
1087 1646 1235 1685 recites.

710 1735 923 1770 LXXXIX

261 1805 381 1853 Quod
413 1803 534 1841 nimio
564 1804 710 1852 gaudes
741 1810 899 1840 noctem
930 1803 1147 1851 producere
1176 1801 1268 1838 vino

314 1868 498 1917 ignosco:
539 1867 688 1913 vitium,
721 1869 861 1913 Gaure,
895 1866 1058 1906 Catonis
1088 1867 1220 1904 habes.

260 1933 433 1972 carmina
462 1934 570 1982 quod
600 1932 736 1970 scribis
768 1931 894 1969 Musis
924 1940 961 1969 et
991 1931 1176 1981 Apolline
1206 1932 1315 1968 nullo

314 1999 461 2037 laudari
492 1999 640 2036 debes:
680 1999 757 2035 hoc
787 1997 991 2037 Ciceronis
1021 1998 1154 2035 habes.

260 2064 368 2113 quod
398 2063 536 2104 vomis,
566 2063 738 2100 Antoni:
777 2064 885 2112 quod
915 2062 1126 2108 luxuriaris,
1158 2061 1283 2110 Apici.
1568 2078 1584 2108 5

314 2130 422 2177 quod
452 2130 571 2174 fellas,
603 2127 739 2165 vitium
770 2127 834 2166 dic
864 2127 959 2164 mihi
989 2127 1099 2165 cuius
1130 2127 1283 2164 habes?

304 2229 468 2261 LXXXV
491 2240 510 2269 3
534 2235 662 2260 aestate
679 2230 734 2260 BA
864 2240 883 2268 4
909 2229 1024 2269 queris
1046 2229 1075 2258 T
1362 2227 1542 2258 LXXXVI
1567 2238 1585 2266 4

261 2275 348 2305 dicta
358 2274 412 2303 BA
544 2283 562 2311 5
584 2274 791 2304 debilitatem
805 2273 859 2302 ΒΑ
990 2274 1010 2302 8
1034 2273 1174 2302 inuitum
1186 2272 1397 2303 exinuictum
1408 2272 1462 2301 BA
1474 2275 1510 2301 ut
1519 2271 1581 2302 vid.

264 2328 303 2347 10
326 2317 519 2347 inertiarum
536 2316 591 2345 BA
919 2315 1117 2345 LXXXVII
1142 2315 1215 2346 hah.
1235 2314 1268 2345 R
1414 2325 1433 2344 2
1456 2315 1534 2353 quid
1552 2315 1585 2344 R

261 2360 407 2392 natantis
424 2360 561 2390 AABA3
588 2360 734 2390 cacantis
754 2359 801 2390 CA
821 2359 870 2398 (cf.
892 2359 954 2390 ΙΙΙ.
975 2359 1094 2388 lxxxix
1110 2360 1142 2397 2)
1367 2358 1583 2388 LXXXVIII

260 2403 332 2434 hab.
355 2403 413 2434 TR
522 2413 541 2432 2
566 2408 638 2433 esto
656 2404 706 2433 uis
725 2407 761 2433 ut
778 2402 838 2434 vid.
857 2402 906 2432 CA
995 2403 1115 2433 recitas
1132 2403 1192 2431 ΛΑ

306 2446 491 2477 LXXXIX
508 2447 581 2477 lmb.
600 2447 641 2484 T;
668 2457 716 2477 vv.
738 2456 799 2476 1—2
816 2446 889 2477 lzab.
911 2445 942 2475 R
