1684 2763
796 157 1263 195 EPIGRAMMATON
1295 159 1347 195 LI
1357 159 1398 195 13.
1433 157 1487 195 VI

656 270 774 306 XXV

160 339 400 386 Marcelline,
433 338 527 377 boni
558 339 717 377 suboles
747 338 899 377 sincera
929 339 1110 389 parentis,

212 404 368 442 horrida
400 404 602 442 Parrhasio
633 418 751 454 quen]
783 404 876 453 tegit
906 418 994 442 ursa
1023 404 1126 453 iugo,

158 470 220 508 ille
250 477 360 507 vetus
392 483 461 519 pro
491 477 528 508 te
559 469 786 519 patriusque
816 469 911 518 quid
942 477 1051 519 optet
1080 469 1231 508 amicus

211 534 346 584 accipe
376 542 413 572 et
443 536 540 573 haec
570 533 734 572 memori
765 542 923 584 pectore
952 542 1043 572 vota
1072 542 1185 573 tene:

159 607 272 637 cauta
302 599 349 637 sit
380 607 420 637 ut
450 599 569 637 virtus
600 613 673 637 nec
703 607 741 637 te
771 599 997 637 temerarius
1026 601 1142 637 ardor
1476 617 1491 646 ,ς

214 665 251 702 in
282 665 435 702 medios
464 678 577 702 enses
607 678 801 714 saevaque
831 666 906 703 tela
935 666 1042 702 ferat.

162 731 262 768 bella
291 730 411 768 velint
442 731 692 779 Martemque
722 731 846 768 ferun]
878 729 1039 767 rationis
1070 738 1240 779 egente&

215 802 254 831 tu
284 800 396 842 potes
426 800 464 830 et
493 791 611 842 patris
642 791 752 830 miles
783 800 819 830 et
850 806 935 830 esse
964 792 1086 831 ducis.

644 876 782 912 XXVI

162 945 404 984 Periclitatur
431 945 560 994 capite
589 946 754 983 Sotades
784 952 926 983 noster.

161 1024 269 1049 reum
300 1010 444 1060 putatis
473 1023 558 1048 esse
588 1010 792 1048 Sotaden?
830 1023 910 1047 non
941 1017 1009 1047 est.

160 1075 325 1126 arrigere
354 1076 455 1113 desit
484 1088 600 1124 posse
631 1075 820 1113 Sotades:
860 1074 980 1124 lingit.

641 1158 803 1194 XXVII

164 1228 230 1266 Bis
260 1227 387 1266 vicine
418 1229 706 1277 Nepos—nam
737 1235 778 1265 tu
808 1240 970 1277 quoque
1000 1226 1177 1276 proxima
1210 1229 1347 1267 Florae

216 1292 354 1331 incolis
384 1301 422 1331 et
450 1301 599 1331 veteres
630 1300 670 1330 tu
700 1306 860 1342 quoque
891 1292 1111 1330 Ficelias——

163 1366 219 1396 est
250 1358 331 1405 tibi,
364 1371 465 1407 quae
494 1357 617 1407 patria
646 1357 819 1408 signatur
848 1357 1019 1408 imagine
1048 1359 1187 1404 voltus,

218 1424 325 1462 testis
356 1432 555 1462 maternae
586 1431 677 1461 nata
706 1423 930 1473 pudicitiae.

165 1497 204 1526 tu
236 1497 367 1526 tamen
396 1501 550 1526 annoso
580 1488 746 1526 nimium
776 1502 826 1526 ne
856 1501 971 1537 parce
1003 1489 1179 1535 Falerno,
1486 1506 1501 1536 5

219 1562 255 1591 et
285 1553 415 1603 potius
444 1555 582 1602 plenos
611 1566 700 1591 aere
729 1553 906 1602 relinque
935 1554 1066 1591 cados.

166 1618 212 1656 sit
243 1618 316 1667 pia,
350 1618 380 1655 si
411 1620 596 1668 locuples,
630 1626 667 1656 et
697 1626 806 1667 potet
836 1618 914 1656 filia
944 1625 1141 1656 mustum:

220 1685 412 1733 amphora
441 1697 531 1721 cum
563 1683 725 1721 domina
756 1697 862 1721 nunc
892 1697 995 1721 nova
1024 1684 1091 1721 fiet
1119 1697 1229 1721 anus.

168 1749 355 1787 Caecuba
385 1762 465 1786 non
496 1750 600 1786 solos
630 1748 831 1786 vindemia
860 1748 1005 1786 nutriat
1034 1749 1178 1787 orbos:

220 1821 385 1863 possunt
415 1821 453 1851 et
482 1821 610 1863 patres
640 1813 779 1860 vivere,
812 1814 929 1852 crede
960 1813 1066 1851 mihi.
1468 1830 1504 1851 10

633 1902 819 1939 XXVIII

276 1971 457 2010 Libertus
489 1971 665 2009 Melioris
695 1971 759 2009 ille
788 1979 916 2018 notus,

275 2044 356 2074 tota
385 2036 452 2086 qui
481 2036 624 2075 cecidit
654 2037 814 2075 dolente
846 2038 988 2084 Roma,

276 2101 354 2139 cari
384 2101 548 2140 deliciae
577 2103 715 2140 breves
745 2102 911 2152 patroni,

213 2206 312 2236 XXV
336 2205 408 2237 hab.
434 2205 464 2236 T
531 2216 543 2236 1
563 2206 697 2237 soboles
715 2205 803 2237 codd.
823 2210 859 2236 ut
874 2206 936 2237 vid.
1006 2217 1025 2236 2
1050 2211 1141 2246 teget
1159 2207 1258 2247 T(t'.e.
1274 2208 1356 2247 tegit
1369 2206 1406 2245 2),
1423 2207 1507 2237 unde·

170 2255 261 2279 tenet
280 2249 500 2280 Schneidewin
589 2250 668 2288 iuga
688 2250 735 2280 CA
754 2254 790 2280 ut
806 2250 870 2281 vicl.
966 2260 983 2289 7
1009 2257 1220 2290 mortemque
1244 2251 1272 2280 T
1357 2252 1376 2280 8
1402 2252 1507 2290 patris

172 2293 280 2322 ΑᾹζἈ
299 2317 304 2322 .
330 2294 456 2331 patriae
473 2293 525 2322 ΒΑ

215 2335 349 2365 XXVII
374 2347 393 2366 2
418 2337 546 2367 ficetias
566 2337 613 2367 CA
631 2349 638 2367 :
664 2336 817 2367 Ficuleas
837 2336 878 2376 (2)
897 2336 1127 2367 Fm'cdlaendcr
1218 2347 1233 2375 7
1259 2343 1311 2368 est
1329 2337 1384 2376 pia
1401 2337 1506 2376 Duff:

172 2380 197 2409 si
216 2379 270 2418 pia
286 2378 425 2409 S-lzenkl
506 2380 532 2409 si
550 2381 569 2410 l.
592 2380 675 2421 (ΡῙ)
694 2380 744 2410 vel
757 2380 801 2410 sit
816 2381 835 2411 l.
858 2379 949 2420 <QLQ)
967 2380 1040 2411 BA:
1067 2381 1109 2411 sit
1127 2380 1145 2411 l.
1169 2380 1217 2410 CA
1295 2385 1328 2411 et
1345 2380 1397 2410 BA
1416 2393 1422 2410 τ
1447 2381 1504 2410 sed

174 2423 257 2462 (set)
280 2422 328 2453 CA
418 2428 530 2462 potem
551 2423 598 2453 CA
709 2425 730 2454 8
754 2424 810 2454 fiat
830 2423 860 2462 Q
924 2434 1009 2454 anus
1027 2424 1079 2453 BA
1097 2435 1104 2455 ε
1128 2433 1213 2463 opus
1231 2423 1278 2454 CA
