1684 2763
180 201 183 205 ¹
215 159 271 196 M.
302 158 424 195 VAL.
458 158 771 195 MARTIALIS

214 270 322 318 quod
353 281 433 307 non
461 282 485 307 a
513 268 638 318 prima
666 268 880 307 discurram
910 269 996 306 luce
1026 281 1094 318 per
1122 268 1259 307 urbem

268 341 306 372 et
334 335 497 372 referam
526 335 649 372 lassus
679 333 787 371 basia
816 333 921 371 mille
950 334 1125 371 domum.

214 399 283 437 sed
312 406 364 445 tu,
396 398 599 449 purpureis
628 406 670 436 ut
699 399 769 437 des
798 411 901 436 nova
929 398 1091 437 nomina
1120 398 1226 437 fastis

266 471 333 501 aut
362 464 592 501 Nomadum
621 470 756 512 gentes
787 464 1122 512 Cappadocumve
1150 471 1283 513 petas:

212 535 251 566 at
281 527 388 575 mihi,
419 540 537 578 quem
566 527 674 577 cogis
704 526 856 565 medios
884 527 1117 578 abrumpere
1146 540 1306 566 somnos

267 600 305 631 et
334 592 570 630 matutinum
600 593 697 630 ferre
726 590 885 641 patique
909 592 1046 639 lutum,

213 657 309 707 quid
338 657 511 706 petitur?
567 658 701 706 Rupta
731 669 820 693 cum
852 669 919 705 pes
949 670 1068 706 vagus
1098 656 1175 695 exit
1208 657 1313 694 aluta

267 729 305 761 et
333 721 485 759 subitus
515 734 665 759 crassae
695 720 843 760 decidit
873 720 999 759 imber
1027 735 1153 771 aquae

214 799 286 825 nec
315 786 421 824 venit
450 785 589 824 ablatis
619 788 808 824 clamatus
837 799 954 824 verna
988 786 1162 834 lacernis,

266 850 419 889 accedit
447 851 617 900 gelidam
648 864 779 889 servus
808 852 859 889 ad
887 851 1112 898 auriculam,

214 924 251 955 et
284 918 438 966 ‘Rogat
468 923 510 954 ut
539 929 672 954 secum
703 929 820 954 cenes
850 915 1075 955 Laetorius⁷
1104 916 1241 966 inquit.

267 981 415 1031 Viginti
444 981 645 1019 nummis?
683 995 763 1019 non
793 995 888 1031 ego:
929 983 1032 1019 malo
1062 983 1205 1020 famem

214 1060 331 1096 quam
362 1046 410 1084 sit
439 1059 536 1085 cena
566 1046 672 1092 mihi,
703 1046 773 1084 tibi
803 1046 851 1084 sit
880 1047 1079 1096 provincia
1108 1060 1267 1093 merces,

267 1119 304 1149 et
335 1110 522 1149 faciamus
552 1110 656 1149 idem
688 1125 760 1149 nec
791 1125 1009 1149 mercamur
1038 1111 1154 1150 idem.

320 1274 466 1320 Siccus,
498 1273 650 1311 sobrius
680 1281 737 1312 est
767 1277 899 1323 Aper3
938 1274 1033 1324 quid
1062 1275 1113 1312 ad
1144 1277 1237 1312 me?

321 1352 474 1377 servum
505 1339 560 1376 sic
589 1352 661 1388 ego
692 1340 823 1386 laudo,
853 1352 933 1377 non
963 1339 1145 1377 amicum.

733 1427 871 1464 XXXI

217 1503 308 1539 Hoc
339 1515 491 1549 nemus,
521 1501 559 1539 hi
590 1503 732 1549 fontes,
762 1504 859 1540 haec
890 1502 1032 1541 textilis
1063 1503 1202 1541 umbra
1231 1502 1359 1552 supini

268 1566 449 1616 palmitis,
482 1568 558 1604 hoc
589 1567 719 1617 riguae
749 1568 896 1606 ductile
926 1569 1073 1606 flumen
1102 1581 1238 1617 aquae,

215 1639 402 1681 prataque
432 1645 504 1670 nec
536 1631 658 1670 bifero
688 1646 843 1670 cessura
873 1632 1017 1671 rosaria
1048 1635 1202 1679 Paesto,

269 1698 456 1746 quodque
486 1696 581 1734 viret
613 1697 698 1734 Iani
730 1711 863 1736 mense
894 1711 966 1736 nec
994 1699 1096 1747 alget
1126 1699 1251 1744 holus,

215 1775 395 1811 quaeque
424 1770 530 1799 natat
561 1762 676 1799 clusis
707 1763 877 1811 anguilla
906 1763 1123 1801 domestica
1152 1762 1330 1812 lymphis,

269 1839 448 1875 quaeque
477 1826 572 1876 gerit
602 1826 746 1864 similes
777 1827 946 1865 candida
976 1827 1086 1865 turris
1115 1840 1217 1874 aves,

216 1903 377 1928 munera
406 1898 496 1928 sunt
525 1891 736 1929 dominae:
776 1900 863 1941 post
893 1892 1059 1942 septima
1088 1894 1206 1929 lustra
1235 1905 1386 1930 reverso

269 1956 338 1993 has
370 1957 559 1994 Marcella
588 1957 729 1994 domos
759 1970 956 2007 parvaque
986 1971 1103 2007 regna
1132 1957 1250 1996 dedit.

216 2020 255 2058 Si
286 2020 380 2057 mihi
411 2020 608 2059 Nausicaa
637 2021 781 2071 patrios
811 2023 1046 2060 concederet
1078 2023 1222 2068 hortos,

270 2084 439 2123 Alcinoo
470 2099 627 2135 possem
659 2086 790 2125 dicere
819 2089 955 2125 ‘Malo
986 2089 1118 2125 meos'

259 2187 382 2218 XXIX
405 2190 426 2218 6
449 2189 629 2219 numadum
649 2189 715 2220 cod.
733 2201 740 2220 :
763 2200 840 2221 corr.
855 2189 1077 2221 Schneidewin
1094 2201 1100 2219 :
1124 2190 1294 2220 numidum
1307 2190 1382 2220 Ital.

1503 736 1540 758 10

1504 1060 1539 1092 15

1502 2102 1540 2124 10

1443 2199 1540 2228 regas

215 2230 375 2261 Heinsius
488 2242 499 2261 1
511 2243 521 2262 1
550 2233 701 2263 clauatus
718 2244 757 2263 ex
773 2234 831 2263 -tis
849 2234 876 2262 L
969 2243 1006 2263 12
1030 2233 1158 2272 gelidas
1177 2233 1204 2263 L
1278 2238 1313 2264 ut
1330 2233 1386 2263 ΒΑ
1403 2233 1477 2273 (pro
1493 2238 1538 2270 at,

216 2276 234 2304 i.
243 2285 264 2305 e.
288 2274 329 2304 ad
345 2285 351 2312 ;
377 2286 396 2305 u
410 2280 472 2315 pro
488 2286 506 2305 a
520 2277 545 2314 2)
562 2287 568 2305 :
592 2277 633 2306 ad
654 2276 703 2306 CA

260 2318 363 2348 XXX
387 2328 406 2347 2
427 2328 546 2348 seruus
562 2318 590 2348 L
790 2319 909 2350 XXXI
934 2331 983 2350 vv.
1006 2321 1065 2350 1-8
1088 2319 1160 2350 hab.
1183 2319 1212 2350 T
1338 2328 1356 2358 5
1381 2319 1493 2350 clusos
1515 2319 1544 2349 T

217 2361 364 2400 lymphis
377 2362 508 2393 AACA:
536 2363 695 2402 nymphis
709 2363 763 2392 ΒΑ
839 2365 859 2393 6
883 2363 983 2403 gerit]
1002 2363 1076 2393 ierit
1095 2362 1124 2393 T
1193 2373 1210 2402 7
1236 2372 1371 2393 reuerse
1387 2363 1470 2401 (-ae)
1485 2362 1539 2392 BA

217 2405 236 2434 8
261 2405 321 2435 lias
337 2428 344 2435 .
365 2429 372 2436 .
391 2428 400 2436 .
419 2406 522 2445 dapes
547 2406 627 2437 AA:
652 2407 712 2437 has
729 2431 736 2438 .
757 2430 764 2437 .
787 2431 794 2437 .
812 2407 928 2437 domos
952 2406 1080 2437 BACA:
1113 2407 1174 2437 hos
1191 2430 1198 2437 .
1214 2430 1221 2437 .
1244 2430 1251 2437 .
1274 2406 1360 2436 lares
1382 2405 1541 2436 Hes'nsins

216 2458 236 2486 9
261 2448 324 2478 -ica
341 2448 428 2480 codd.
535 2460 572 2480 10
596 2459 729 2489 pessem
756 2449 803 2481 CA
821 2451 901 2490 (non
921 2450 970 2489 A)
990 2451 1023 2490 (e
1035 2455 1096 2490 pro
1114 2452 1148 2490 ο)
1238 2449 1337 2480 mallo
1357 2449 1405 2480 CA
