1684 2763
768 112 896 149 EPIG
906 110 1234 149 RAMMATON
1268 111 1370 148 LIB.
1404 111 1439 146 X

556 223 771 260 LXXXIX

111 307 212 344 Iuno
242 306 361 352 labor,
396 305 600 355 Polyclite,
628 312 718 343 tuus
748 312 786 343 et
814 304 937 354 gloria
965 303 1064 351 felix,

163 370 374 409 Phidiacae
404 378 593 421 cuperent
622 384 741 420 quam
772 370 960 408 meruisse
990 383 1141 416 manus,

108 448 173 474 ore
203 435 299 474 nitet
329 443 438 474 tanto
468 443 617 486 quanto
647 443 867 486 superasset
896 435 935 473 in
967 435 1039 474 Ide

161 500 292 539 iudice
321 501 521 539 convictas
551 515 630 539 non
661 501 869 539 dubitante
902 502 1007 539 deas,

110 567 317 613 Iunonem,
350 566 549 616 Polyclste,
583 580 691 604 suam
724 566 797 604 nisi
827 567 942 604 frater
970 572 1129 611 amaret,
1424 578 1441 610 5

164 633 359 670 Iunonem
391 639 543 682 poterat
572 633 687 671 frater
714 645 845 670 amare
875 639 994 669 tuam.

628 721 702 759 XC

217 802 325 852 Quid
355 802 463 841 vellis
492 805 679 850 vetulum,
711 802 856 853 Ligeia,
885 802 1090 840 cunnum?

219 868 314 917 quid
344 869 449 906 busti
479 868 629 907 cineres
659 868 714 906 tui
745 867 931 906 lacessis?

216 935 312 971 tales
343 933 561 972 munditiae
590 934 733 971 decent
763 934 967 983 puellas—

216 1011 308 1036 nam
338 1006 379 1036 tu
409 998 487 1036 iam
517 1012 590 1037 nec
619 1011 717 1036 anus
747 1005 860 1047 potes
889 997 1092 1044 videri—3

216 1063 335 1111 istud,
364 1065 480 1102 crede
511 1063 616 1111 mihi,
651 1063 795 1113 Ligeia,
828 1061 930 1101 belle
1424 1076 1441 1107 5

217 1142 297 1167 non
328 1137 451 1167 mater
480 1129 571 1167 facit
602 1128 799 1175 Hectoris,
831 1129 900 1167 sed
931 1141 1036 1166 uxor.

219 1196 332 1232 Erras
362 1194 393 1232 si
423 1194 494 1232 tibi
523 1208 677 1232 cunnus
707 1194 771 1232 hic
801 1193 968 1241 videtur,

215 1261 265 1298 ad
296 1273 414 1309 quern
445 1261 620 1298 mentula
649 1258 842 1309 pertinere
871 1260 984 1297 desit.

220 1337 340 1374 quare
370 1324 400 1363 si
430 1326 559 1375 pudor
588 1331 657 1371 est,
690 1323 834 1374 Ligeia,
866 1324 947 1362 noli

219 1390 381 1428 barbam
412 1392 553 1428 vellere
584 1397 740 1428 mortuo
769 1388 885 1427 leoni.
1407 1404 1446 1426 10

618 1478 715 1517 XCI

116 1553 267 1592 Omnes
298 1555 501 1592 eunuchos
531 1553 651 1592 habet
680 1554 800 1592 Almo
830 1566 903 1591 nec
932 1552 1061 1603 arrigit
1091 1552 1197 1603 ipse:

167 1626 204 1656 et
234 1618 408 1667 queritur
436 1618 559 1669 pariat
588 1619 697 1668 quod
727 1632 796 1656 sua
826 1620 937 1656 Polla
966 1618 1073 1656 nihil.

608 1706 730 1744 XCII

116 1773 246 1822 Marri,
279 1774 435 1826 quietae
464 1777 590 1814 cultor
618 1783 656 1814 et
686 1789 820 1814 comes
849 1775 962 1823 vitae,

112 1853 191 1890 quo
221 1839 305 1879 cive
335 1840 461 1890 prisca
489 1840 673 1891 gloriatur
701 1841 832 1888 Atina,

111 1906 180 1943 has
210 1904 282 1943 tibi
309 1907 495 1956 gemellas
525 1905 677 1944 barbari
707 1906 828 1944 decus
858 1905 936 1944 luci

113 1971 340 2008 conmendo
369 1969 484 2019 pinus
514 1969 702 2019 ilicesque
732 1972 958 2009 Faunorum

114 2042 151 2072 et
180 2034 398 2073 semidocta
425 2034 528 2073 vilici
558 2048 678 2073 manu
708 2042 872 2074 structas
1426 2052 1441 2082 5

160 2137 347 2168 LXXXIX
375 2149 388 2168 1
408 2143 497 2178 tuus,
518 2138 604 2178 P01.,
625 2138 719 2169 labos
735 2137 895 2169 Heinsius
1048 2149 1066 2169 2
1091 2140 1268 2179 peperisse
1284 2140 1446 2171 Heinsius

116 2190 136 2219 3
162 2181 261 2221 nitet]
280 2186 395 2211 manet
411 2180 441 2211 L
561 2193 580 2220 4
607 2181 806 2212 conuinctas
824 2182 873 2221 Q:
899 2182 1098 2213 coniunctas
1114 2183 1189 2214 Ital.
1382 2183 1443 2214 XC

116 2224 188 2254 hab.
215 2224 245 2254 T
330 2235 343 2255 1
370 2225 457 2264 ligea
480 2224 510 2255 T
522 2223 569 2263 (in
586 2225 699 2256 [emm.
717 2235 765 2255 AD
782 2226 921 2263 nomm)
990 2232 1175 2257 monstrum
1192 2226 1253 2257 ΑΑ
1272 2227 1350 2266 (pro
1367 2237 1445 2257 cun-

116 2267 210 2303 num)
361 2278 380 2298 2
404 2269 460 2307 qui
480 2272 558 2307 post
574 2269 649 2298 cine
667 2268 746 2299 uilla
763 2270 869 2299 cessis
891 2269 921 2300 T
1049 2280 1067 2307 4
1092 2270 1156 2300 iarn
1174 2275 1195 2301 t.
1215 2271 1234 2300 i.
1259 2270 1289 2301 T
1424 2280 1443 2308 5

116 2312 204 2349 ligea
228 2310 257 2340 T
407 2321 424 2349 7
450 2321 478 2342 s.
494 2316 517 2345 t.
545 2312 691 2342 mundus
709 2311 768 2342 ΑΑ
790 2313 846 2351 <sit
864 2317 885 2344 t.
906 2322 1027 2343 munus
1047 2313 1092 2345 Ti
1113 2315 1194 2353 (pro
1210 2324 1235 2344 s.
1254 2319 1276 2345 t.
1298 2315 1443 2351 cunnus)

115 2364 135 2392 9
159 2355 239 2392 ligia
262 2353 291 2384 T
558 2355 636 2385 XCI
661 2356 735 2386 hab.
760 2355 790 2385 T
1062 2356 1159 2387 XCII
1186 2366 1199 2386 1
1227 2356 1313 2387 Mari
1330 2356 1369 2396 Q,
1389 2356 1449 2386 alii

116 2407 134 2426 2
154 2401 231 2437 post
244 2408 273 2429 v.
293 2406 313 2436 3
332 2396 381 2428 CA
493 2407 512 2436 5
536 2398 641 2428 semel
658 2399 758 2429 docta
774 2397 830 2428 BA

1295 2442 1357 2472 20*
