1684 2763
736 136 1204 175 EPIGRAMMATON
1238 137 1289 174 LI
1300 138 1340 174 Β.
1373 137 1455 173 XII

130 253 167 284 ct
197 245 267 284 tibi
296 246 472 284 centenis
502 252 577 284 stat
606 245 778 295 porticus
807 247 885 284 alta
914 247 1108 284 columnis

183 312 433 360 calcatusque
463 318 530 348 tuo
559 310 633 348 sub
663 311 764 360 pede
794 311 897 348 lucet
925 324 1038 360 onyx,

130 377 436 425 pulvereumque
465 376 579 425 fugax
607 374 900 425 hippodromon
930 376 1075 425 ungula
1104 376 1253 425 plaudit

183 447 221 478 et
251 439 448 489 pereuntis
477 452 603 489 aquae
633 441 774 477 fluctus
805 439 953 489 ubique
983 447 1124 488 sonat3

129 504 225 542 atria
254 505 369 553 longa
399 511 544 554 patent.
604 505 682 543 Sed
714 518 787 543 nec
817 505 1052 543 cenantibus
1083 519 1248 555 usquam

184 582 256 608 nec
286 582 427 607 somno
457 570 566 607 locus
596 576 664 607 est.
725 571 856 618 Quam
887 570 989 608 bene
1019 584 1099 609 non
1130 571 1304 610 habitas!

663 658 716 694 LI

130 729 230 764 Tam
261 740 377 776 saepe
408 734 584 765 nostrum
614 726 742 777 decipi
774 728 1025 766 Fabullinum

132 791 289 838 miraris,
322 793 452 830 Aule?
490 805 644 842 semper
673 793 794 830 homo
824 793 952 831 bonus
983 793 1055 832 tiro
1085 801 1152 832 est.

650 886 729 923 LII

131 956 330 1004 Tempora
360 955 484 993 Pieria
513 955 649 993 solitus
680 955 860 994 redimire
890 969 1036 995 corona

185 1032 259 1057 nec
289 1019 417 1058 minus
446 1020 622 1058 attonitis
652 1034 726 1058 vox
755 1021 951 1058 celebrata
980 1021 1063 1067 reis,

133 1084 195 1123 hic
224 1084 320 1123 situs
349 1092 417 1132 est,
450 1084 514 1122 hic
544 1084 608 1123 ille
642 1093 742 1132 tuus,
775 1085 1018 1135 Sempronia,
1052 1087 1190 1132 Rufus,

186 1148 296 1187 cuius
326 1157 363 1188 et
394 1149 476 1199 ipse
505 1149 561 1187 tui
591 1150 725 1199 flagrat
758 1163 901 1188 amore.
921 1150 1030 1188 cinis.

135 1213 271 1252 Dulcis
300 1213 340 1251 in
371 1213 505 1263 Elysio
534 1214 696 1252 narraris
726 1214 858 1253 fabula
886 1228 1029 1265 campo
1443 1233 1459 1263 5

186 1285 224 1317 et
253 1286 383 1328 stupet
411 1280 463 1317 ad
492 1287 624 1329 raptus
653 1279 847 1329 Tyndaris
878 1279 962 1329 ipsa
992 1287 1103 1318 tuos:

132 1350 174 1381 tu
204 1343 341 1382 melior
369 1357 470 1393 quae
499 1345 655 1383 deserto
684 1352 838 1394 raptore
867 1343 1011 1391 redisti,

186 1408 250 1446 illa
278 1408 402 1446 virum
432 1409 555 1447 voluit
584 1422 657 1447 nec
686 1409 849 1458 repetita
877 1409 999 1459 sequi.

133 1472 232 1511 ridet
261 1480 299 1511 et
330 1473 472 1512 Iliacos
500 1473 610 1512 audit
642 1475 848 1512 Menelaus
878 1487 1054 1512 amores:

186 1537 354 1575 absolvit
384 1537 594 1587 Phrygium
624 1545 750 1575 vestra
778 1537 913 1587 rapina
943 1537 1082 1575 Parim.
1427 1556 1463 1578 10

134 1601 342 1651 Accipient
371 1601 463 1640 olim
495 1615 585 1640 cum
616 1610 654 1640 te
682 1604 769 1640 loca
798 1604 899 1641 laeta
928 1602 1092 1652 piorum,

188 1680 268 1704 non
298 1666 369 1704 erit
398 1666 437 1704 in
468 1667 599 1716 Stygia
628 1667 758 1706 notior
786 1668 925 1705 umbra
954 1669 1100 1706 domo:

135 1744 215 1769 non
244 1731 372 1770 aliena
399 1731 505 1770 videt
535 1733 604 1770 sed
633 1740 739 1770 amat
769 1732 1002 1782 Proserpina
1031 1740 1182 1783 raptas:

188 1795 260 1834 iste
289 1795 360 1835 tibi
388 1796 591 1835 dominam
621 1797 847 1836 conciliabit
875 1811 996 1836 amor.

644 1885 747 1921 LIII

243 1952 408 1991 Nummi
436 1966 528 1991 cum
558 1953 628 1992 tibi
658 1954 735 1992 sint
764 1967 940 2004 opesque
969 1962 1100 1993 tantae

243 2025 409 2067 quantas
438 2017 532 2056 civis
561 2018 691 2066 habet,
724 2021 900 2067 Paterne‚
932 2033 1049 2067 rarus,

183 2120 209 2150 L
232 2129 251 2159 5
276 2119 393 2161 fugax]
411 2125 509 2161 sugat
530 2121 560 2152 T
758 2132 775 2161 7
799 2123 1014 2164 cenantibus]
1041 2132 1125 2153 cena
1141 2123 1200 2153 tibi
1227 2123 1275 2154 CA
1300 2123 1375 2164 (seq.
1394 2124 1463 2164 us·)

140 2165 159 2194 8
182 2164 477 2238 Ε111Ῑῃῗες11πιετε
495 2213 594 2239 turna
619 2207 669 2238 CA
778 2210 798 2239 6
822 2209 974 2248 tyndaris
996 2209 1073 2240 BA:
1096 2210 1260 2241 sinthesis
1285 2209 1333 2240 CA
1446 2220 1461 2248 7

139 2251 294 2280 desertor
318 2261 337 2280 a
362 2256 458 2290 patre
483 2251 531 2282 CA
619 2262 640 2290 9
664 2252 756 2282 audit
773 2257 805 2283 et
824 2252 861 2283 Il.
884 2253 970 2284 ridet
986 2253 1188 2292 Steplzenson
1286 2263 1325 2284 10
1348 2263 1461 2292 parem

141 2293 191 2367 {2
319 2303 367 2366 {tt
378 2293 510 2376 ²lpgalae
526 2295 697 2334 sapiorum
716 2295 765 2325 CA
898 2306 937 2335 14
961 2297 1150 2327 conciliabit
1172 2296 1227 2326 ΒΑ
1242 2308 1249 2327 ;
1272 2296 1464 2328 conciliauit

216 2341 288 2376 ipro
305 2355 316 2359 -
343 2348 350 2366 l
381 2363 385 2368 .

185 2379 265 2410 LIII
290 2391 339 2412 vv.
360 2389 429 2419 1-5,
450 2391 533 2419 7-10
548 2381 623 2414 ltab.
647 2382 677 2413 T
760 2391 780 2412 2
803 2382 909 2412 habes
930 2382 959 2413 T
1042 2387 1183 2422 paterue
1206 2381 1262 2412 BA
