1684 2763
206 145 261 181 M.
293 145 416 182 VAL.
449 144 765 183 MARTIALIS

751 258 784 294 L

204 328 326 375 Quod
356 328 466 365 fellas
496 335 534 365 et
563 340 708 377 aquam
739 335 862 378 potas,
895 327 961 375 nil,
994 327 1149 375 Lesbia,
1182 341 1334 378 peccas.

257 406 335 443 qua
365 392 435 431 tibi
465 401 573 442 parte
603 406 704 444 opus
733 401 802 440 est,
836 393 990 441 Lesbia,
1022 393 1143 432 sumis
1172 407 1328 444 aquam.

735 479 789 516 LI

204 551 316 587 Vnus
347 562 465 599 saepe
495 548 566 587 tibi
596 557 679 587 tota
708 549 892 588 denarius
921 563 1012 588 arca

257 625 347 650 cum
379 612 426 650 sit
456 619 493 650 et
523 611 588 650 hic
617 613 708 650 culo
743 612 877 659 tritior,
912 614 1042 662 Hylle,
1076 620 1156 659 tuo,

204 691 285 716 non
317 686 449 716 tamen
481 679 587 716 hunc
617 677 751 727 pistor,
783 691 864 716 non
894 679 1043 716 auferet
1074 679 1181 716 hunc
1211 677 1281 716 tibi
1313 690 1427 727 cop0‚

257 744 326 782 sed
357 743 387 781 si
418 742 506 793 quis
536 742 660 780 nimio
689 756 792 793 pene
822 743 1015 792 superbus
1045 743 1131 781 erit.

204 808 336 847 infelix
365 817 501 847 venter
531 816 682 858 spectat
712 808 894 846 convivia
923 808 1001 846 culi
1522 823 1538 854 5

258 882 295 912 et
326 888 482 924 semper
511 873 628 912 miser
657 873 721 912 hic
751 873 881 922 esurit,
914 873 977 912 ille
1007 881 1127 913 vorat.

205 1031 327 1070 Novit
356 1033 504 1070 loturos
536 1031 680 1070 Dasius
711 1045 942 1070 numerare:
982 1032 1163 1082 poposcit

260 1111 519 1136 mammosam
551 1098 737 1147 Spatalen
768 1110 838 1147 pro
869 1097 1017 1135 tribus:
1057 1097 1122 1135 illa
1151 1096 1272 1136 dedit.

713 1186 813 1223 LIII

208 1257 275 1294 Vis
306 1256 386 1295 fieri
418 1256 544 1295 liber?
583 1255 770 1303 mentiriS,
805 1255 991 1303 Maxime,
1024 1269 1103 1294 non
1135 1255 1216 1294 vis:

260 1323 329 1360 sed
361 1322 441 1360 fieri
471 1321 502 1359 si
533 1321 603 1368 vis,
634 1323 706 1360 hac
738 1321 888 1360 ratione
920 1330 1043 1371 potes.

207 1387 304 1426 liber
333 1387 417 1434 eris,
451 1400 590 1426 cenare
621 1387 713 1425 foris
744 1387 785 1433 si,
822 1386 1007 1433 Maxime,
1039 1386 1154 1434 nolis,

262 1452 482 1491 Veientana
511 1461 618 1491 tuam
649 1452 677 1490 si
709 1453 846 1490 domat
876 1465 951 1490 uva
980 1451 1094 1498 sitim,

208 1518 237 1555 si
269 1518 393 1556 ridere
424 1526 535 1568 potes
567 1517 695 1556 miseri
727 1518 987 1567 chrysendeta
1017 1516 1184 1563 Cinnae,
1526 1531 1542 1561 5

261 1591 472 1621 contentus
502 1592 634 1621 nostra
664 1582 694 1620 si
725 1592 837 1632 potes
867 1596 952 1620 esse
983 1589 1083 1631 toga,

208 1645 238 1682 si
270 1644 423 1694 plebeia
453 1646 589 1683 Venus
618 1644 778 1694 gemino
808 1644 878 1683 tibi
909 1644 1076 1682 vincitur
1104 1656 1202 1690 asse,

262 1710 292 1748 si
323 1718 390 1748 tua
419 1723 499 1748 non
532 1719 658 1748 rectus
690 1718 793 1748 tecta
822 1709 954 1748 subire
984 1717 1108 1759 potes.

210 1778 306 1813 haec
337 1774 407 1813 tibi
437 1774 467 1812 si
498 1774 554 1812 vis
584 1783 653 1822 est,
686 1775 717 1812 si
748 1775 890 1812 mentis
921 1782 1029 1812 tanta
1059 1781 1247 1824 potestaS,

263 1839 420 1878 liberior
450 1841 595 1878 Partho
625 1839 753 1879 vivere
783 1854 871 1890 rege
902 1848 1024 1890 potes.
1507 1853 1548 1876 ιο

724 1929 819 1966 LIV

319 1999 427 2047 Quid
458 2000 508 2037 de
539 2007 586 2045 te,
622 1998 732 2045 Line,
765 1997 984 2048 suspicetur
1018 2010 1113 2036 uxor

318 2074 354 2102 et
385 2078 462 2114 qua
492 2072 600 2114 parte
630 2063 721 2102 velit
751 2063 1008 2114 pudiciorem,

260 2166 284 2195 Ι,
315 2165 324 2194 ἰ
353 2170 386 2195 et
403 2175 503 2203 quam
523 2166 572 2197 ΕΑ
709 2177 727 2196 2
752 2170 804 2196 est
820 2175 885 2196 om.
911 2164 959 2195 ΕΑ

259 2208 299 2238 LI
325 2209 397 2239 lmb.
419 2208 451 2238 [ι’
597 2219 616 2248 3
643 2220 706 2240 nec
725 2209 792 2240 aus.
810 2209 891 2239 AA:
921 2218 989 2238 non
1007 2207 1072 2238 aus.
1092 2206 1201 2237 ΒΑΕΔ
1362 2207 1383 2235 6
1408 2206 1499 2236 uolat
1515 2206 1548 2236 R

259 2252 317 2282 LII
347 2262 359 2282 1
388 2251 516 2283 loturas
533 2253 608 2284 Ital.

257 2295 336 2326 LIII
361 2295 435 2326 lmb.
470 2296 498 2326 'l'
638 2307 650 2327 1
679 2297 698 2328 1.
728 2296 748 2327 f.
778 2295 858 2326 AA:
891 2295 911 2326 s.
941 2295 961 2325 l.
989 2294 1098 2325 ΒΛΕΛ
1202 2293 1306 2323 libera
1333 2292 1468 2322 mentiri
1497 2293 1545 2323 ΕΑ

212 2351 230 2370 2
256 2344 366 2378 potest
386 2339 415 2369 T
428 2340 559 2378 (etsorl.
578 2340 651 2372 ΑΛ)
667 2351 674 2370 :
699 2346 795 2380 potes
812 2339 920 2370 ΒΑΕΑ
1064 2347 1083 2376 3
1109 2337 1192 2367 nolis
1209 2336 1346 2367 AABA:
1373 2336 1480 2366 nolles
1498 2335 1546 2366 ΕΑ

214 2386 289 2422 (pm
305 2383 402 2413 noles
417 2385 442 2419 ἶ)
459 2395 465 2414 z
490 2384 584 2414 uoles
600 2383 635 2413 D
762 2393 778 2421 7
805 2383 953 2422 iungitur
969 2381 1129 2412 Heinsius
1260 2382 1290 2419 8,
1311 2390 1331 2420 9
1354 2383 1477 2420 transp.
1498 2379 1545 2410 CA

212 2428 232 2456 8
256 2431 344 2458 tecta
363 2426 456 2469 (EA)
475 2428 523 2458 vel
537 2433 631 2458 tanta
648 2427 807 2469 ‹QXVBQ
827 2427 876 2458 CA
895 2426 946 2467 (cs.
963 2437 991 2458 υ.
1011 2426 1048 2467 9)
