1684 2763
803 148 1061 185 EPIGRAM
1070 148 1271 187 MATON
1304 149 1407 186 LIB.
1440 150 1538 186 XIV

587 258 677 295 LII.
714 258 843 296 Gutus
871 271 1034 296 corneus.

317 326 494 365 Gestavit
524 328 645 365 modo
675 328 802 366 fronte
833 341 895 366 me
925 327 1140 367 iuvencus:

315 405 448 430 verum
479 391 727 430 rhinocerota
756 406 819 431 me
848 393 1026 443 putabas.

611 475 726 512 LIII.
757 475 1000 513 Rhinoceros.

209 544 346 592 Nuper
373 543 412 581 in
443 543 622 582 Ausonia
651 543 803 582 domini
832 552 1031 594 spectatus
1060 546 1206 584 harena

262 608 325 647 hic
355 608 424 646 erit
454 609 518 647 ille
547 608 618 647 tibi
648 609 711 648 cui
741 609 819 659 pila
848 618 979 648 taurus
1010 618 1103 649 erat.

584 693 616 729 L
622 693 690 729 IV.
728 693 1025 741 Crepitacillum.

207 761 244 798 si
277 761 364 811 quis
394 763 566 811 plorator
595 763 698 800 collo
728 762 798 800 tibi
828 764 990 801 vernula
1018 764 1176 812 pendet,

261 828 359 865 haec
388 826 537 876 quatiat
567 835 701 865 tenera
728 830 880 878 garrula
909 828 1020 866 sistra
1049 842 1183 866 manu.

657 910 738 946 LV.
771 911 997 958 Flagellum.

211 978 392 1016 Proficies
422 978 518 1016 nihil
548 980 636 1025 hoc,
668 980 810 1017 caedas
840 979 930 1018 licet
959 993 1098 1029 usque,
1127 981 1292 1029 flagello,

260 1043 290 1080 si
321 1043 390 1082 tibi
421 1057 617 1094 purpureo
647 1045 698 1082 de
726 1058 841 1094 grege
871 1044 987 1082 currit
1021 1057 1157 1094 equus.

601 1127 708 1163 LVI.
739 1126 1029 1174 Dentifi‘icium.

315 1195 423 1244 Quid
454 1209 609 1234 mecum
641 1204 699 1234 est
729 1196 832 1234 tibi?
890 1197 959 1235 Me
989 1198 1120 1246 puella
1150 1204 1302 1235 sumat:

313 1269 467 1310 emptos
497 1275 577 1300 non
608 1263 716 1300 soleo
746 1261 869 1312 polire
898 1263 1049 1300 dentes.

574 1345 704 1381 LVII.
736 1344 1053 1392 llffyrobalanum.

206 1415 327 1462 Quod
357 1427 430 1451 nec
459 1413 652 1463 Vergilius
682 1427 756 1452 nec
785 1414 958 1452 carmine
988 1413 1083 1452 dicit
1114 1415 1327 1461 Homerus,

258 1480 334 1516 hoc
365 1492 410 1517 ex
440 1486 643 1529 unguento
673 1487 827 1517 constat
857 1487 895 1517 et
925 1493 971 1517 ex
1002 1480 1155 1518 balano.

574 1562 728 1599 LVIII.
766 1562 1064 1611 Aphronitrum.

209 1631 392 1669 Rusticus
423 1633 495 1670 es?
533 1631 661 1670 nescis
691 1631 786 1681 quid
818 1633 970 1670 Graeco
1000 1632 1162 1670 nomine
1191 1632 1323 1671 dicar:

259 1710 398 1746 spuma
427 1710 547 1736 vocor
576 1696 676 1734 nitri.
737 1698 911 1735 Graecus
942 1699 1015 1735 es?
1053 1697 1337 1747 aphronitrum.

248 1799 310 1830 LII
334 1799 408 1829 hab.
445 1800 474 1830 T
552 1809 680 1830 cvsrvs
704 1809 842 1831 covas
877 1800 925 1831 T:
969 1810 1093 1831 sevi-vs
1124 1810 1283 1830 CORNEVS
1312 1801 1386 1832 BA:
1427 1811 1535 1832 ovrvs

208 1853 345 1883 χςκέτνε
361 1843 405 1879 Ε)
424 1853 582 1874 CORNEVS
600 1843 648 1874 CA
794 1854 812 1873 2
836 1844 1059 1875 rinacerotam
1078 1846 1159 1884 (om.
1176 1845 1242 1884 me)
1259 1844 1306 1874 CA
1397 1847 1535 1884 putabat

201 1887 261 1917 ΑΑ
277 1899 284 1917 :
308 1887 441 1927 putabis
457 1887 510 1917 BA
527 1899 534 1919 τ
560 1887 702 1926 putabas
719 1887 767 1917 CA

248 1930 327 1961 LIII
346 1931 418 1962 hab.
442 1931 471 1961 T
559 1941 571 1960 1
598 1931 717 1961 ausoni
736 1935 772 1961 ut
787 1931 849 1962 vid.
870 1931 925 1961 BA
944 1930 1130 1970 (mifante
1145 1942 1238 1970 corta,
1260 1932 1326 1963 -nis
1342 1932 1382 1971 L,
1402 1933 1474 1964 —nio
1490 1933 1530 1966 P,

204 1974 275 2004 —nia
292 1974 400 2014 chx
415 1975 508 2011 corrf)
529 1973 592 2014 (fic.
614 1975 672 2005 -nii
686 1976 710 2016 ἓ)
867 1985 885 2005 2
910 1975 964 2005 hic
979 1980 1050 2006 erat
1069 1975 1124 2005 ille
1141 1976 1215 2005 dies
1238 1976 1268 2006 T
1281 1976 1410 2015 {etforh
1430 1977 1506 2017 ΛΑ)
1528 1989 1533 2006 ;

203 2019 257 2048 hic
272 2019 338 2048 erit
353 2017 408 2048 ille
424 2018 482 2048 tibi
497 2016 606 2048 ΒΑΕΔ

248 2061 324 2091 LIV
347 2061 420 2092 lmb.
442 2061 471 2091 T
510 2071 774 2092 CREPHACVLVM
791 2061 929 2092 AABA:
954 2071 1232 2093 CREP1TACILLVM
1251 2062 1299 2093 CA
1424 2074 1436 2094 1
1464 2064 1533 2103 plo-

204 2110 298 2135 ratur
313 2115 331 2134 a
345 2115 361 2135 c
396 2104 425 2134 T
595 2116 614 2135 2
637 2106 767 2144 quasiat
785 2105 833 2135 CA
945 2111 1097 2136 teneram
1113 2107 1170 2136 ΒΑ
1280 2117 1311 2145 g.
1330 2106 1466 2138 sinistra
1490 2108 1532 2138 T:

202 2149 353 2187 garrulas
376 2148 439 2178 ista
457 2148 504 2178 CA
595 2158 728 2179 manum
745 2149 799 2178 ΒΑ

248 2192 305 2222 LV
327 2192 400 2222 hab.
426 2192 455 2222 T
496 2191 684 2223 Proficiens
704 2192 734 2223 T
747 2193 828 2233 (pro
844 2193 934 2233 -e52)
953 2204 960 2223 z
986 2193 1149 2224 Proficies
1165 2193 1273 2224 BACA
1418 2204 1436 2223 2
1461 2194 1531 2233 pul*

203 2245 306 2266 uereo
322 2234 378 2265 BA

249 2279 321 2309 LVI
347 2278 420 2308 lmb.
444 2278 473 2309 T
711 2279 803 2310 LVII
832 2279 904 2310 hab.
930 2279 960 2310 T

249 2321 356 2352 LVIII
382 2322 456 2353 hab.
480 2322 510 2352 T
549 2332 661 2353 APHO-
678 2323 871 2362 codd.‚fort.
892 2327 967 2353 recte
1089 2333 1102 2353 1
1130 2324 1196 2354 hen
1222 2323 1282 2353 ΛΑ
1310 2324 1390 2364 (pto
1419 2334 1461 2354 en
1489 2325 1536 2354 vel

203 2367 268 2396 heu
284 2366 307 2405 ἓ)
324 2377 331 2396 ;
355 2376 392 2396 es
413 2365 518 2395 ΒΑΕΑ
659 2376 677 2396 2
701 2377 845 2405 graecus
863 2368 946 2407 (om.
966 2366 1019 2406 es)
1043 2367 1088 2398 T:
1112 2368 1215 2397 decus
1232 2372 1265 2397 et
1283 2367 1331 2398 CA
1420 2377 1528 2406 apro-.

203 2410 306 2448 apho-
324 2408 411 2439 codd.
431 2409 531 2448 :sorl.
551 2408 742 2449 ἀφρόνιτρον
