1684 2763
733 121 991 158 EPIGRAM
1000 121 1202 160 MATON
1236 122 1286 159 LI
1298 123 1339 159 Β.
1375 122 1412 159 ll

86 295 231 333 Invitas
261 302 354 333 tunc
386 309 447 334 me
477 309 567 334 curn
599 296 685 344 scis,
719 296 874 345 Nasica,
907 311 1078 337 vocasse.

137 362 396 399 Excussatum
426 362 572 400 habeas
604 375 666 400 me
695 376 814 412 rogo:
853 376 953 402 ceno
983 363 1103 401 dorni.

571 445 721 481 LXXX

87 509 255 546 Hostem
285 522 375 546 cuin
406 509 565 559 fugeret,
597 523 638 547 se
670 509 842 547 Fannius
874 509 956 559 ipse
986 510 1160 560 peremit.

138 572 210 620 hic,
244 586 348 622 rogo,
380 587 460 610 non
491 575 596 611 furor
625 581 693 621 est,
727 588 775 612 ne
807 573 981 621 moriare,
1016 574 1143 612 mori?

555 657 729 694 LXXXI

86 721 225 759 Laxior
256 721 489 770 hexaphoris
520 729 586 759 tua
615 721 663 759 sit
694 721 832 760 lectica
862 721 1021 760 licebit:

137 799 226 823 cum
258 795 389 825 tamen
421 788 517 825 haec
547 794 613 824 tua
642 786 704 834 sit,
733 787 851 834 Zoile,
884 787 1087 836 sandapila
1118 795 1186 825 est.

544 870 740 906 LXXXII

85 933 250 971 Abscisa
280 946 432 971 servom
462 933 558 982 quid
590 933 683 983 figis,
719 932 894 980 Pontice,
927 933 1090 983 lingua?

139 998 264 1036 nescis
295 1006 335 1037 tu
367 1000 569 1048 populum,
602 999 710 1048 quod
740 1006 843 1036 tacet
873 998 950 1047 ille,
980 998 1121 1049 loqui?

528 1082 750 1119 LXXXIII

193 1145 376 1183 Foedasti
408 1145 602 1192 miserum,
637 1145 784 1192 marite,
818 1146 1042 1193 moechum,

192 1219 229 1248 et
259 1224 310 1258 se,
343 1211 410 1261 qui
440 1212 592 1250 fuerant
623 1211 740 1261 prius,
773 1211 974 1261 requirunt

192 1276 319 1314 trunci
349 1276 508 1314 naribus
537 1276 777 1327 auribusque
807 1279 945 1315 voltus.

192 1340 330 1380 Credis
361 1349 398 1380 te
428 1341 519 1380 satis
549 1355 635 1381 esse
664 1342 941 1381 vindicatum?

192 1420 319 1445 erras:
359 1407 430 1445 iste
459 1415 588 1457 potest
618 1416 656 1445 et
686 1407 881 1446 irrumare.
1399 1424 1416 1454 5

534 1491 748 1527 LXXXIV

89 1553 221 1591 Mollis
251 1561 331 1592 erat
361 1553 563 1603 facilisque
594 1553 683 1591 viris
714 1552 927 1591 Poeantius
958 1554 1099 1591 heros:

138 1620 297 1657 volnera
326 1618 380 1656 sic
414 1618 562 1656 Paridis
593 1618 735 1657 dicitur
764 1620 845 1656 ulta
874 1620 1023 1656 Venus.

85 1697 151 1721 cur
181 1683 300 1733 lingat
330 1697 505 1721 cunnum
537 1683 689 1722 Siculus
720 1682 922 1730 Sertorius,
956 1684 1032 1721 hoc
1062 1691 1146 1721 est:

137 1749 207 1786 abs
237 1749 312 1787 hoc
343 1748 506 1795 occisus,
541 1750 654 1795 Rufe,
687 1748 840 1787 videtur
871 1750 983 1798 Eryx.

546 1832 738 1869 LXXXV

86 1895 243 1934 Vimine
273 1897 405 1934 clausa
433 1895 507 1934 levi
538 1895 674 1934 niveae
704 1895 885 1934 custodia
914 1904 1061 1942 coctae,

138 1962 214 1998 hoc
244 1960 314 1999 tibi
345 1960 499 2000 Saturni
530 1970 706 2011 tempore
737 1974 880 2000 munus
910 1960 991 1999 erit.

130 2064 279 2095 LXXIX
304 2065 376 2096 hab.
399 2064 432 2094 R
567 2075 579 2095 1
607 2074 748 2096 uocasse
765 2064 904 2095 AABA:
929 2069 1084 2095 uocatum
1106 2064 1154 2094 CA

131 2108 261 2138 LXXX
286 2108 358 2139 hah.
377 2108 420 2145 R,
435 2108 602 2148 etquidem
614 2112 688 2139 ante
701 2107 884 2138 LXXVIII
897 2108 1087 2138 collocatum
1222 2118 1241 2138 2
1266 2109 1347 2139 haec
1368 2108 1415 2139 CA

131 2151 278 2182 LXXXI
304 2152 375 2182 lzab.
395 2152 428 2182 R
561 2161 580 2182 2
603 2152 723 2182 scand-
740 2152 773 2182 R
791 2150 837 2191 (L
855 2155 930 2182 ante
945 2154 1042 2191 corr.)

131 2195 295 2225 LXXXII
321 2196 394 2226 hab.
421 2195 449 2225 T
589 2206 600 2225 1
628 2195 706 2234 quid
727 2195 803 2234 figis
821 2194 903 2225 AA:
935 2195 1026 2234 quod
1052 2195 1137 2234 sugis
1158 2194 1213 2225 BA
1241 2195 1334 2234 ,forn
1355 2200 1416 2235 pro

85 2239 174 2278 quod
193 2239 282 2277 figis)
298 2250 305 2269 ε
329 2238 409 2278 quid
428 2239 526 2277 fingis
545 2238 594 2268 CA
727 2249 745 2268 2
771 2239 862 2270 nesci
885 2238 930 2269 T:
955 2238 1071 2269 nescin
1089 2238 1273 2269 Beverland

132 2282 314 2312 LXXXIII
340 2293 413 2312 cum
434 2282 601 2313 LXXXII
619 2281 711 2321 coufl.
731 2282 786 2312 BA
926 2292 944 2312 2
969 2286 1003 2312 et
1020 2292 1056 2312 se
1073 2282 1128 2321 qui
1146 2281 1219 2313 Ital.
1239 2293 1246 2312 z
1270 2292 1288 2312 e
1305 2291 1342 2312 se
1360 2281 1413 2319 qui

86 2325 162 2354 BA:
186 2330 219 2355 et
236 2325 263 2355 si
280 2326 338 2364 qui
358 2325 407 2357 CA
538 2336 557 2364 3
581 2325 710 2356 truncis
727 2325 800 2357 BA:
826 2324 935 2356 trunci
955 2325 1004 2355 CA

132 2368 315 2398 LXXXIV
337 2379 400 2408 3—4
420 2379 543 2399 novum
559 2370 655 2409 epigr.
676 2368 725 2399 CA
829 2381 847 2407 4
871 2369 930 2399 abs
946 2368 1020 2400 Ital.
1039 2380 1046 2399 t
1070 2368 1111 2399 ab
1128 2367 1216 2398 codd.
1236 2367 1295 2405 (ex
1314 2367 1356 2406 C)

133 2411 297 2441 LXXXV
320 2412 394 2446 hab,
420 2412 449 2443 T
536 2423 548 2443 1
577 2417 699 2452 coptae
716 2411 770 2441 BA
805 2418 866 2452 pro
885 2412 1013 2452 coctae)
1033 2423 1039 2441 :
1064 2417 1203 2451 coeptae
1225 2411 1272 2441 CA

1288 2454 1308 2482 5
1313 2453 1328 2471 ῑὶῑ
