1684 2763
765 141 1230 179 EPIGRAMMA'I‘ON
1269 143 1368 178 ΜΡ».
1404 143 1479 179 Vll

159 251 296 290 Dicere
327 250 555 301 quindecies
587 258 762 300 poteram
793 252 901 300 quod
931 250 1098 300 pertinet
1127 253 1176 290 ad
1209 260 1269 290 tc:
1448 270 1482 298 15

208 319 276 355 sed
308 316 402 366 quid
432 330 523 365 agas
552 317 603 353 ad
635 330 697 354 me
727 315 904 365 pertinet,
938 318 1023 361 Ole,
1057 316 1163 353 nihil.

682 394 739 429 XI

262 458 380 507 Cogis
412 471 473 495 me
503 458 655 495 calamo
686 470 885 506 manuque
915 464 1046 495 nostra

261 524 472 561 emendare
504 536 623 567 meos,
658 523 827 568 Pudens,
861 522 1025 560 libellos.

260 602 284 626 o
314 602 431 638 quani
464 602 526 626 me
556 587 720 625 nimium
753 588 895 638 probas
924 602 1113 638 amasque

261 653 327 703 qui
358 653 413 690 vis
443 654 672 703 archetypas
703 654 848 691 habere
879 656 1023 703 nugas!

668 731 749 766 XII

155 801 217 837 sit·
249 814 310 837 ine
341 802 466 838 fronte
498 802 597 850 legat
628 800 826 846 dominus,
860 800 1055 845 Faustine,
1089 814 1225 839 serena

208 865 454 915 excipiatque
487 880 594 903 meos
625 879 702 914 qua
732 868 831 903 solet
860 880 952 903 aure
983 865 1102 909 iocos,

155 940 195 969 ut
226 944 312 969 mea
342 945 415 969 nec
445 931 544 968 iuste
575 944 673 979 quos
704 930 787 968 odit
818 930 959 980 pagina
989 931 1097 968 laesit

208 1004 245 1034 et
276 995 370 1033 mihi
400 997 450 1033 de
480 997 588 1032 nullo
619 996 722 1033 fama
752 996 893 1033 rubore
924 997 1062 1045 placet.

154 1061 249 1110 quid
279 1062 449 1111 prodest,
481 1060 641 1110 cupiant
672 1074 760 1097 cum
792 1060 954 1110 quidam
985 1068 1116 1098 nostra
1146 1060 1278 1103 videri,

207 1126 238 1164 si
268 1140 345 1176 qua
376 1125 602 1175 Lycambeo
632 1125 821 1175 sanguine
851 1127 927 1163 tela
959 1127 1130 1171 madent,

155 1192 434 1241 vipereumque
463 1198 594 1228 vomat
625 1198 758 1228 nostro
788 1191 862 1228 sub
892 1190 1053 1229 nomine
1083 1191 1196 1233 virus,

208 1257 274 1306 qui
310 1256 458 1295 Phoebi
488 1256 617 1294 radios
648 1257 744 1294 ferre
775 1256 962 1305 diemque
992 1259 1137 1306 negat?

155 1322 325 1360 ludimus
356 1321 541 1360 innocui:
582 1321 656 1359 scis
687 1323 763 1359 hoc
793 1321 921 1360 bene:
961 1321 1045 1360 iuro
1076 1322 1247 1371 potentis

208 1401 276 1437 per
304 1386 462 1436 genium
496 1389 639 1425 Famae
670 1387 966 1437 Castaliumque
996 1400 1151 1437 gregem
1452 1402 1485 1423 1:

155 1466 301 1501 perque
332 1459 417 1489 tuas
446 1465 570 1497 aures,
604 1450 733 1500 magni
764 1450 860 1488 mihi
891 1451 1063 1489 numinis
1094 1451 1223 1492 instar,

208 1519 329 1555 lector
358 1516 573 1554 inhumana
603 1516 700 1554 liber
727 1516 778 1554 ab
808 1515 964 1554 invidia.

656 1600 762 1636 XIII

158 1670 263 1708 Dum
294 1669 511 1707 Tiburtinis
540 1670 739 1707 albescere
770 1669 918 1707 solibus
947 1669 1056 1708 audit

207 1734 357 1784 antiqui
388 1734 517 1773 dentis
547 1736 656 1772 fusca
687 1734 845 1783 Lycoris
876 1735 982 1781 ebur,

155 1801 260 1838 venit
291 1800 329 1838 in
362 1801 583 1838 Herculeos
614 1801 745 1838 colles.
805 1799 902 1850 quid
931 1800 1090 1837 Tiburis
1119 1800 1187 1837 alti

207 1879 299 1903 aura
330 1867 457 1903 valet!
514 1879 633 1915 parvo
663 1873 840 1915 tempore
870 1865 977 1915 nigra
1007 1865 1117 1904 redit.

662 1949 762 1985 XIV

156 2017 311 2055 Accidit
342 2017 548 2055 infandum
579 2025 735 2055 nostrae
765 2019 902 2064 scelus,
936 2019 1047 2065 Aule,
1083 2019 1259 2068 puellae:

208 2082 337 2120 amisit
366 2084 473 2120 lusus
503 2082 743 2132 deliciasque
773 2096 885 2121 suas:

199 2187 231 2216 X
258 2196 295 2224 15
319 2186 399 2225 quid
417 2186 531 2216 decias
549 2186 628 2225 (-es*)
648 2191 780 2226 poterat
799 2187 847 2217 CA
918 2187 998 2227 quid
1017 2198 1047 2226 p.
1063 2198 1082 2218 a
1097 2186 1174 2217 teR
1278 2187 1326 2217 XI
1358 2196 1369 2215 1
1390 2196 1486 2215 manu

158 2241 189 2261 n.
208 2230 265 2269 (L)
283 2231 333 2260 vel
346 2241 515 2269 manuque
534 2240 564 2261 n.
581 2230 667 2270 (ΩΙ)
687 2231 735 2261 vel
753 2241 922 2269 manuque
943 2231 1081 2261 sinistra
1100 2230 1162 2271 (P)
1180 2229 1235 2259 ΒΑ
1345 2229 1410 2259 XII
1437 2240 1484 2259 vv.

161 2284 230 2310 1—4.
258 2284 344 2311 9-12
369 2273 441 2303 lmb.
477 2273 522 2311 T3
546 2284 597 2304 vv.
619 2284 677 2303 1-2
702 2275 777 2305 lzab.
808 2275 840 2304 R
997 2285 1014 2312 7
1040 2279 1153 2304 uomat
1180 2274 1258 2303 BA:
1283 2278 1421 2303 uomant
1440 2272 1486 2302 (Ἀ

157 2316 309 2356 nomine]
339 2321 476 2355 pectore
503 2315 533 2346 L
559 2321 635 2348 ante
656 2328 734 2348 corr.
869 2328 890 2356 9
916 2318 1071 2348 innocuis
1094 2318 1125 2348 h.
1158 2317 1205 2347 CA
1233 2318 1307 2357 (per
1323 2317 1483 2356 lmfflogn‘*

161 2371 197 2390 12
223 2360 306 2389 liber
332 2370 398 2391 om.
434 2359 463 2389 T
633 2361 718 2390 XIII
748 2371 761 2391 1
786 2361 927 2392 tiburnis
953 2361 1008 2391 BA
1096 2361 1221 2391 solibus
1246 2359 1323 2389 BA:
1350 2360 1487 2390 collibus

159 2403 207 2434 CA
355 2413 374 2442 3
396 2403 450 2443 qui
472 2402 518 2433 CA
538 2408 573 2433 nl
588 2404 652 2435 vid.
674 2408 763 2445 (cum
783 2404 824 2445 L)
1033 2403 1116 2435 XIV
1142 2414 1153 2434 1
1174 2404 1285 2443 puella
1304 2407 1341 2433 u!
1355 2403 1416 2434 vid.
1439 2402 1487 2433 (TA
