1684 2763
825 144 1084 183 EPIGRAM
1092 146 1294 184 MATON
1328 147 1379 184 LI
1388 148 1429 185 Β.
1462 149 1497 184 V

162 264 228 295 aut
258 256 288 296 si
318 264 493 307 portatur
521 264 652 296 tecum
683 256 753 295 tibi
784 270 926 307 magna
955 259 1155 307 supellex:

217 336 307 360 nam
339 336 426 361 mea
455 322 532 360 iam
562 322 728 372 digitum
759 322 914 360 sustulit
943 322 1176 372 hospitibus.

163 389 269 426 nulla
298 388 391 438 tegit
420 389 693 426 fractos—nec
723 387 1049 426 inanis—culcita
1078 390 1211 435 lectos,
1479 404 1497 435 5

217 453 339 502 putris
368 461 406 492 et
434 454 602 503 abrupta
630 452 750 491 fascia
778 461 878 491 reste
908 452 1018 491 iacet.

163 518 210 556 sit
240 526 371 556 tamen
402 518 617 568 hospitium
648 518 763 556 nobis
792 531 1006 556 commune
1035 519 1217 557 duobus:

217 583 294 622 emi
325 585 486 631 hortos,·
526 585 612 634 plus
642 591 724 622 est:
763 583 910 622 instrue
941 591 1009 631 tu3
1049 584 1179 622 minus
1209 593 1278 623 est.

651 667 793 704 LXIII

166 736 297 785 ‘Quid
327 737 472 775 sentis'
502 736 632 787 inquis
664 738 736 775 ‘de
766 736 919 784 nostris,
953 738 1088 775 Marce
1130 737 1322 775 libellis?’

217 800 272 838 sic
303 814 365 839 me
395 800 595 847 sollicitus,
628 792 803 848 Pontice,
835 814 952 851 saepe
982 815 1105 851 rogas.

165 865 360 912 Aduliton
393 873 556 915 stupeo:
597 865 692 903 nihil
723 874 781 904 est
810 866 1020 916 perfectius
1050 866 1136 913 illis,

217 930 300 980 ipse
330 938 398 968 tuo
427 931 542 969 cedet
573 932 748 980 Regulus
778 930 947 981 ingenio.

165 998 284 1034 ‘Hoc
313 995 487 1033 sentis?’
527 995 656 1045 inquis
689 995 826 1034 ‘faciat
857 995 927 1034 tibi
957 996 1013 1034 sic
1044 996 1146 1035 bene
1177 997 1333 1043 Caesar,
1482 1012 1498 1043 5

217 1060 272 1099 sic
302 1060 550 1111 Capitolinus
582 1060 783 1110 Iuppiter)
841 1063 972 1099 Immo
1001 1061 1083 1099 tibi.

652 1144 788 1180 LXIV

164 1215 378 1261 Sextantes‚
412 1213 584 1260 Calliste,
615 1215 716 1252 duos
746 1213 910 1252 infunde
942 1214 1106 1261 Falerni,

218 1287 259 1317 tu
290 1292 406 1329 super
434 1278 611 1326 aestivas,
644 1278 811 1326 Alcime,
843 1281 951 1317 solve
980 1279 1102 1326 nives,

164 1344 394 1394 pinguescat
423 1344 546 1382 nimio
577 1344 759 1383 madidus
790 1344 887 1382 mihi
917 1344 1033 1382 crinis
1062 1357 1223 1387 amomo

218 1411 490 1459 lassenturque
520 1409 617 1447 rosis
647 1417 826 1459 tempora
854 1409 1047 1447 sutilibus.

164 1483 243 1513 tam
273 1474 402 1512 vicina
430 1474 568 1512 iubent
597 1487 669 1512 nos
698 1474 826 1512 vivere
857 1476 1076 1520 Mausolea,
1487 1488 1505 1520 5

218 1553 308 1577 cum
339 1540 510 1578 doceant
540 1539 646 1589 ipsos
676 1552 792 1589 posse
822 1539 947 1590 perire
976 1540 1084 1577 deos.

670 1628 782 1664 LXV

165 1701 280 1736 Astra
309 1699 526 1748 polumque
555 1697 677 1744 dedit,
709 1697 891 1747 quamvis
918 1705 1100 1748 opstante
1131 1710 1308 1744 noverca,

218 1762 384 1801 Alcidae
415 1764 587 1800 Nemees
617 1770 738 1801 terror
767 1770 805 1801 et
835 1765 957 1801 Arcas
986 1776 1080 1812 aper

165 1836 202 1867 et
231 1827 463 1878 castigatum
495 1828 667 1877 Libycae
696 1841 853 1866 ceroma
882 1830 1097 1878 palaestrae

219 1901 257 1931 et
286 1893 411 1943 gravis
441 1893 478 1930 in
511 1892 644 1932 Siculo
674 1895 834 1943 pulvere
864 1895 974 1932 fusus
1007 1895 1121 1943 Eryx,

166 1959 429 2008 silvarumque
459 1966 614 2005 tremor,
646 1959 763 1997 tacita
793 1958 860 2008 qui
890 1960 1026 1997 fraude
1056 1959 1209 1997 solebat
1485 1972 1502 2003 5

219 2025 364 2062 ducere
394 2036 474 2062 non
505 2031 629 2062 rectas
661 2024 789 2063 Cacus
819 2023 860 2061 in
888 2032 999 2062 antra
1030 2024 1162 2062 boves.

168 2091 249 2127 Ista
278 2096 378 2135 tuae,
411 2089 566 2136 Caesar,
599 2096 721 2139 quota
750 2102 837 2139 pars
868 2096 1067 2139 spectatur
1096 2089 1296 2126 harenae?

220 2155 287 2192 dat
317 2153 465 2192 maiora
494 2167 619 2192 novus
649 2154 796 2204 proelia
826 2168 942 2192 mane
971 2153 1066 2192 dies.

213 2257 307 2287 LXII
333 2268 351 2295 4
378 2256 514 2287 dicitum
534 2256 582 2287 CA
745 2259 765 2287 6
790 2257 902 2288 fascea
920 2257 973 2287 ΒΑ
1126 2257 1146 2286 8
1171 2257 1371 2287 instructum
1391 2265 1431 2285 m.
1449 2255 1501 2284 ΒΑ

170 2306 254 2330 'tum
268 2306 327 2340 pro
345 2303 394 2338 tu)
630 2300 741 2331 LXIV
770 2311 781 2330 1
809 2301 943 2331 infundi
964 2300 1008 2331 CA
1148 2311 1166 2338 4
1192 2300 1370 2330 subtilibus
1388 2303 1423 2328 nt
1441 2298 1503 2328 vicl.

168 2344 219 2372 ΒΑ
372 2353 391 2382 5
415 2343 497 2374 Tam
514 2344 568 2374 BA
585 2356 591 2374 :
617 2344 686 2374 Iam
706 2344 755 2375 CA
986 2343 1077 2373 LXV
1102 2354 1120 2373 2
1147 2354 1268 2373 nemee
1290 2349 1393 2382 g—eae)
1413 2347 1463 2371 est
1481 2346 1502 2371 t.

169 2387 215 2416 CA
342 2391 473 2417 terrore
491 2397 619 2419 marcas
636 2387 690 2417 ΒΑ
853 2398 871 2425 4
897 2388 1002 2418 sicula
1027 2387 1079 2416 BA
1194 2392 1288 2417 tusus
1308 2385 1386 2415 BA:
1414 2385 1504 2415 susus

169 2430 217 2460 CA
238 2429 289 2470 ‘cs-
314 2429 433 2460 Gilbert
447 2430 493 2461 acl
507 2431 576 2472 loc.)
723 2433 744 2461 6
771 2441 838 2461 non
856 2431 930 2462 BA:
956 2441 1018 2461 nec
1037 2430 1084 2461 CA

1318 2471 1375 2501 ιο*
