1684 2763
737 144 1202 183 EPIGRAMMATON
1234 145 1337 182 LIB.
1370 145 1475 181 XIII

522 257 631 295 XCI.
662 256 869 304 Acipensis.

146 340 210 377 Ad
242 337 436 376 Palatinas
467 337 692 387 acipensem
723 336 865 375 mittite
896 349 1077 374 mensas:

199 403 414 442 ambrosias
444 410 584 441 ornent
615 415 776 440 munera
806 415 889 439 rara
917 402 1051 451 dapes.

535 507 668 546 XCII.
699 507 870 556 Lepores.

149 592 256 628 Inter
284 603 375 628 aves
405 591 556 638 turdus,
585 589 615 627 si
646 588 742 639 quid
772 602 835 627 me
865 588 994 627 iudiCe
1024 595 1173 626 certum
1205 596 1273 633 est,

200 655 299 693 inter
328 654 591 705 quadripedes
622 662 767 693 mattea
796 654 921 705 prima
950 655 1072 703 lepus.

550 760 707 798 XCIII.
740 760 858 808 Aper.

149 841 228 890 Qui
262 841 491 880 Diomedeis
522 842 759 880 metuendus
789 841 952 891 saetiger
980 841 1080 891 agris

203 908 345 945 Aetola
373 906 516 945 eccidit
546 906 720 957 cuspide,
753 907 838 945 talis
868 914 959 945 erat.

511 1013 659 1051 XCIV.
691 1013 896 1049 Dammae.

151 1097 280 1132 Dente
311 1094 468 1132 timetur
496 1107 598 1143 aper,
631 1094 851 1132 defendunt
880 1106 1028 1131 cornua
1057 1106 1242 1131 cervum:

203 1159 366 1197 inbelles
397 1160 580 1198 dammae
610 1158 706 1208 quid
737 1157 810 1196 nisi
840 1159 987 1208 praeda
1016 1160 1184 1196 sumus?

560 1264 685 1303 XCV.
722 1265 847 1312 Oryx.

151 1345 435 1384 Matutinarum
467 1359 547 1384 non
577 1345 715 1383 ultima
743 1346 889 1395 praeda
917 1345 1084 1383 ferarum

203 1424 340 1449 saevos
370 1424 463 1460 oryx
493 1418 647 1449 constat
677 1420 774 1460 quot
804 1410 900 1448 mihi
931 1417 1055 1448 morte
1085 1412 1253 1448 canum!

536 1515 685 1553 XCVI.
721 1515 875 1553 Cervus.

152 1597 232 1635 Hic
262 1604 343 1635 erat
373 1596 436 1634 ille
467 1604 534 1634 tuo
564 1596 751 1643 domitus,
783 1595 1001 1646 Cyparisse,
1033 1595 1213 1645 capiStro.

206 1664 268 1699 An
300 1661 421 1711 magis
452 1661 523 1699 iste
553 1669 653 1708 tuus,
687 1661 815 1708 Silvia,
847 1675 983 1699 cervus
1016 1663 1128 1699 erat?

526 1767 698 1805 XCVII.
730 1766 888 1803 Lalisio.

154 1845 260 1881 Dum
291 1850 400 1880 tener
428 1850 486 1881 est
515 1856 660 1892 onager
689 1843 850 1892 solaque
879 1841 1003 1880 lalisio
1038 1850 1160 1880 matre

206 1907 386 1958 pascitur,
417 1909 493 1946 hoc
523 1907 651 1945 infans
680 1908 749 1946 sed
779 1907 896 1946 breve
925 1920 1072 1946 nomen
1101 1907 1231 1946 habet.

198 2010 276 2040 XCI
294 2009 367 2041 lmb.
388 2010 417 2040 T
457 2020 512 2041 -Es
530 2010 560 2041 T
647 2021 660 2041 1
679 2010 852 2050 accipiens
870 2011 1014 2041 emittite
1031 2010 1087 2040 BA
1176 2021 1194 2040 2
1219 2021 1260 2042 m.
1275 2021 1351 2041 cara
1365 2021 1483 2050 garum

154 2053 216 2092 PQ
234 2054 284 2092 (qs.
301 2054 376 2092 CII,
390 2055 426 2087 25

197 2097 294 2127 XCII
319 2097 392 2127 hab.
412 2097 480 2129 TR.
526 2097 607 2128 Post
619 2097 728 2128 XCVI
743 2098 776 2127 in
788 2097 843 2126 ΒΑ
911 2107 923 2127 1
943 2098 1063 2128 turdos
1078 2097 1134 2127 BA
1203 2108 1222 2128 2
1241 2108 1295 2136 qu.
1312 2104 1439 2129 muttea
1451 2102 1486 2128 nt

153 2141 287 2172 vidAA2
306 2141 503 2180 quadripem
517 2141 600 2171 attia
613 2141 661 2172 CA
677 2146 754 2181 (pro
767 2141 931 2180 quadripe
950 2142 1076 2182 mama,
1090 2142 1110 2173 i.
1121 2152 1144 2172 c.
1160 2142 1391 2181 quadripedes
1404 2153 1445 2172 m.
1458 2144 1482 2172 2s

198 2184 313 2215 XCIII
339 2184 411 2214 lzczb.
437 2184 466 2214 T
552 2194 565 2214 1
592 2185 769 2215 diomediiS
787 2185 846 2214 ΑΑ
865 2185 956 2224 (-dus
978 2185 1025 2225 T)

198 2227 310 2258 XCIV
333 2227 406 2257 hab.
432 2227 490 2257 TR
582 2238 595 2258 1
623 2229 714 2259 cerui
733 2228 781 2258 CA

199 2271 294 2301 XCV
316 2270 389 2303 hab.
417 2271 446 2301 T
487 2281 580 2302 ERYx
603 2272 650 2303 CA
754 2282 773 2302 2
798 2282 883 2311 eryx
907 2272 955 2302 CA
1058 2272 1148 2311 quod
1171 2271 1260 2302 codd.
1291 2273 1360 2311 [tle.
1388 2274 1482 2311 quot)

156 2325 259 2346 canes
282 2314 311 2345 T

200 2358 310 2388 XCVI
335 2357 407 2388 lmb.
434 2357 492 2388 TR
536 2367 669 2389 CERVOS
687 2359 735 2389 CA
827 2369 840 2388 1
868 2359 1035 2398 capistrus
1054 2358 1103 2389 CA
1192 2369 1211 2388 2
1228 2358 1334 2389 selvia
1351 2359 1410 2388 As*-

201 2401 329 2432 XCVII
355 2401 427 2432 lmb.
453 2401 482 2431 T
569 2412 582 2432 I
610 2407 716 2433 mater
736 2401 783 2433 CA
872 2412 892 2432 2
918 2403 970 2432 hic
994 2402 1023 2432 T
