1684 2763
800 135 1271 177 EPIGRAMMATON
1302 139 1405 176 LIB.
1440 140 1474 175 X

654 247 732 284 LII

248 317 403 366 Thelyn
433 315 582 355 viderat
612 315 651 354 in
681 323 772 366 toga
801 318 1031 367 spadonem.

248 383 475 421 damnatam
507 383 640 420 Numa
669 381 765 420 dixit
795 395 880 420 esse
911 384 1131 423 moecham.

644 470 745 507 LIII

142 541 213 578 Ille
243 553 315 590 ego
346 553 433 578 sum
464 541 647 590 Scorpus,
679 539 842 578 clamosi
871 540 993 590 gloria
1024 540 1138 588 Circi,

194 606 365 655 plausus,
399 607 539 653 Roma,
572 605 629 643 tui
659 605 904 655 deliciaeque
935 606 1084 653 breves,

141 669 272 709 invida
301 684 419 720 quem
451 670 638 709 Lachesis
668 678 823 721 raptum
859 670 1055 710 trieteride
1086 684 1202 718 nona,

193 737 289 774 dum
320 743 501 774 numerat
530 737 692 786 palmas,
725 736 892 775 credidit
922 750 1007 775 esse
1038 750 1184 775 senem.

649 825 744 861 LIV

142 895 315 940 Mensas,
348 894 434 939 Ole,
467 894 593 932 bonas
623 893 750 943 ponis,
782 895 852 932 sed
882 894 996 944 ponis
1027 902 1192 944 opertas.

195 958 424 997 Ridiculum
455 965 536 997 est:
577 971 740 1008 possum
771 958 827 997 sic
857 972 929 1009 ego
959 960 1105 998 habere
1135 960 1271 998 bonas.

658 1047 730 1083 LV

247 1118 454 1154 Arrectum
485 1114 668 1165 quotiens
700 1117 869 1153 Marulla
898 1129 1042 1165 penem

247 1180 425 1231 pensavit
454 1180 584 1231 digitis
614 1180 762 1230 diuque
792 1194 929 1219 mensa
958 1189 1025 1228 est,

248 1245 375 1292 libras,
408 1245 577 1296 scripula
606 1247 856 1295 sextulasque
887 1245 1006 1293 dicit3

248 1310 353 1349 idem
384 1317 474 1360 post
504 1323 603 1360 opus
634 1318 672 1349 et
703 1324 792 1349 suas
821 1312 1032 1360 palaestras

248 1376 332 1413 loro
361 1388 452 1413 cum
483 1375 619 1414 similis
649 1374 749 1414 iacet
779 1375 953 1422 remisso,
1460 1395 1475 1424 5

249 1448 398 1490 quanto
429 1440 476 1478 sit
506 1440 627 1479 levior
657 1442 827 1478 Marulla
857 1440 962 1478 dicit.

250 1506 342 1543 Non
373 1518 464 1556 ergo
494 1512 552 1543 est
582 1519 722 1543 manus
752 1504 835 1552 ista,
868 1507 938 1544 sed
969 1512 1120 1544 statera.

650 1594 743 1630 LVI

141 1662 265 1709 Totis,
298 1663 422 1709 Galle,
455 1662 566 1701 iubes
597 1662 668 1700 tibi
698 1676 761 1701 me
791 1662 932 1701 servire
963 1662 1102 1702 diebus

194 1735 233 1766 et
262 1741 330 1778 per
358 1727 602 1765 Aventinum
633 1735 689 1765 ter
719 1735 855 1777 quater
890 1727 944 1766 ire
974 1736 1096 1766 tuum.

141 1792 274 1831 eximit
303 1799 370 1830 aut
399 1791 522 1830 reficit
551 1793 713 1830 dentem
744 1792 960 1831 Cascellius
990 1806 1161 1843 aegrum,

195 1857 357 1896 infestos
388 1856 512 1895 oculis
542 1856 631 1903 uris,
665 1856 835 1906 Hygine,
869 1857 997 1908 pilos;

142 1935 222 1961 non
252 1929 357 1961 secat
387 1929 425 1960 et
455 1921 555 1960 tollit
584 1921 797 1960 stillantem
828 1922 1001 1960 Fannius
1032 1936 1160 1969 uvam,
1460 1942 1476 1972 5

195 1986 318 2025 tristia
346 2000 529 2025 saxorum
558 1986 740 2037 stigmata
769 1988 874 2026 delet
905 1989 1003 2026 Eros
1018 2003 1027 2035 3

142 2052 452 2090 enterocelarum
482 2052 601 2089 fertur
631 2051 849 2090 Podalirius
882 2054 1076 2090 Hermes:

196 2116 263 2166 qui
293 2124 404 2154 sanet
432 2124 566 2166 ruptos
596 2115 660 2155 dic
691 2116 798 2164 mihi,
828 2118 954 2164 Galle,
986 2117 1073 2168 quis
1103 2119 1192 2156 est?

189 2219 251 2250 LII
276 2228 290 2249 1
316 2219 440 2249 Thetin
466 2219 597 2250 uiderat
613 2219 690 2250 BA:
714 2219 893 2261 Thelynus
909 2221 1006 2250 derat
1024 2219 1073 2250 CA
1251 2220 1332 2252 LIII
1357 2220 1430 2252 hab.
1453 2220 1482 2250 T

145 2274 163 2293 2
189 2263 304 2293 lausus
322 2262 371 2292 CA
560 2263 635 2293 LIV
657 2263 732 2293 lmb.
760 2263 789 2294 T
877 2275 890 2294 1
918 2264 1017 2303 ponis
1034 2264 1139 2294 bonas
1154 2263 1211 2294 ΒΑ
1300 2270 1430 2304 apertas
1452 2263 1480 2293 T

149 2306 204 2337 LV
226 2315 245 2343 3
270 2305 356 2335 libra
375 2305 423 2335 CA
511 2306 675 2346 scripulas
692 2307 747 2336 ΒΑ
879 2316 898 2346 5
924 2309 1035 2337 iacere
1056 2307 1158 2337 misso
1177 2306 1226 2337 CA
1402 2307 1474 2337 LVI

146 2360 166 2388 3
192 2349 355 2379 cascellus
374 2348 423 2379 CA
577 2361 595 2388 4
621 2350 690 2380 oris
708 2350 756 2380 CA
910 2351 930 2380 6
954 2360 1112 2381 saxorum
1129 2350 1184 2380 BA
1203 2352 1390 2390 (seruorum
1407 2349 1452 2389 P)
1470 2362 1475 2379 :

147 2403 312 2423 saxonum
331 2392 379 2422 CA
396 2403 402 2423 :
427 2402 590 2423 noxarum
607 2392 764 2424 Heinsius
910 2395 971 2432 7-8
996 2404 1060 2424 om.
1083 2393 1131 2424 CA
1149 2393 1226 2432 (vid.
1247 2393 1347 2433 infra)
