1684 2715
183 99 237 134 M.
270 99 391 135 VAL.
425 99 740 137 MARTIALIS

666 212 684 249 Ι

291 281 370 320 Hic
400 289 458 320 est
488 295 606 332 quem
637 281 731 332 legis
761 281 835 329 ille,
868 296 987 332 quem
1017 283 1190 333 requiris,

288 355 372 385 toto
403 355 519 385 notus
550 346 589 384 in
620 347 714 385 orbe
746 347 938 386 Martialis

287 411 431 461 argutis
460 411 771 462 epigrammaton
800 412 964 451 libellis:

289 477 363 524 cui,
394 478 517 515 lector
545 477 731 525 studiose,
755 479 863 528 quod
893 477 1036 516 dedisti

289 542 433 581 viventi
463 543 584 581 decus
613 551 732 593 atque
762 543 956 590 sentienti,
1493 560 1509 590 5

288 607 359 645 rari
390 615 478 657 post
507 607 656 646 cineres
686 609 834 646 habent
863 617 1014 658 poetae.

649 707 691 744 ΙΙ

182 775 259 824 Qui
292 785 421 814 tecum
453 776 564 826 cupis
594 790 679 815 esse
710 790 820 816 meos
850 777 1094 828 ubicumque
1124 777 1278 816 libellos

234 850 271 879 et
301 841 466 880 comites
497 843 637 892 longae
667 842 822 892 quaeris
851 843 997 882 habere
1026 842 1123 890 viae,

181 908 252 945 hos
282 920 380 954 eme,
413 920 513 957 quos
542 915 641 959 argat
671 907 855 946 brevibus
886 909 1116 947 membrana
1146 908 1323 947 tabellis:

234 972 375 1011 serinia
405 974 456 1011 da
486 973 649 1022 magnis,
682 986 745 1011 me
775 987 915 1011 manus
946 987 1024 1011 una
1053 973 1167 1023 capit.

184 1039 243 1076 Ne
273 1046 405 1076 tamen
436 1038 590 1088 ignores
620 1038 687 1076 ubi
717 1038 790 1076 sim
821 1039 968 1077 venalis
997 1048 1035 1077 et
1065 1052 1168 1078 erres
1495 1056 1512 1085 5

235 1103 330 1142 urbe
360 1117 479 1153 vagus
509 1112 602 1150 tota,
636 1117 698 1142 me
727 1105 830 1142 duce
859 1112 987 1142 certus
1017 1104 1114 1142 eris:

181 1169 365 1207 libertum
395 1169 503 1207 docti
535 1169 726 1208 Lucensis
756 1182 901 1219 quaere
931 1170 1161 1208 Secundum

234 1233 372 1273 limina
402 1242 490 1283 post
521 1234 633 1272 Pacis
665 1234 966 1285 Palladiumque
995 1236 1134 1273 forum.

639 1334 705 1371 III
1097 1333 1121 1354 ¹³

182 1403 426 1453 Argiletanas
457 1403 580 1442 mavis
610 1404 786 1442 habitare
816 1404 1010 1452 tabernas,

235 1483 325 1507 cum
356 1469 438 1516 tibi,
471 1483 587 1520 parve
618 1470 725 1517 liber,
759 1470 899 1508 scrinia
929 1479 1063 1509 nostra
1091 1478 1245 1508 vacent.

183 1534 319 1580 nescis,
353 1535 441 1581 heu,
473 1535 600 1573 nescis
630 1535 817 1573 dominae
847 1535 1001 1573 fastidia
1032 1536 1209 1573 Romae:

236 1601 352 1638 erede
383 1599 489 1646 mihi,
522 1600 686 1638 nimium
721 1600 863 1638 Martia
892 1601 1005 1638 turba
1035 1600 1144 1650 sapit.

184 1664 350 1703 maiores
381 1679 576 1715 nusquam
607 1665 797 1703 rhonchi:
838 1665 1078 1715 iuvenesque
1109 1677 1303 1714 senesque
1498 1681 1515 1710 5

237 1738 274 1768 et
304 1730 413 1780 pueri
444 1744 583 1768 nasum
615 1730 873 1768 rhinocerotis
904 1731 1063 1768 habent.

183 1795 351 1833 audieris
382 1809 471 1833 eum
502 1797 650 1845 grande
680 1797 840 1845 sophos,
871 1796 967 1833 dum
998 1794 1107 1833 basia
1137 1794 1268 1841 iactas,

238 1860 311 1898 ibis
341 1861 391 1898 ab
422 1874 586 1899 excusso
616 1856 758 1898 missus
788 1860 826 1898 in
856 1868 959 1898 astra
988 1873 1091 1909 sagO.

183 1924 253 1963 sed
285 1934 325 1963 tu
357 1939 405 1964 ne
435 1925 580 1964 totiens
610 1925 761 1964 domini
792 1925 938 1974 patiare
967 1924 1100 1962 lituras

240 2005 337 2029 neve
368 2000 477 2029 notet
508 1992 615 2029 lusus
646 1990 762 2029 tristis
793 1991 973 2029 harundo
1003 1998 1106 2037 tuos,
1481 2005 1518 2026 ιο

185 2056 387 2103 aetherias,
420 2056 573 2103 lascive,
604 2056 716 2106 cupis
746 2056 906 2094 volitare
936 2069 1004 2106 per
1031 2068 1167 2093 auras:

241 2121 261 2167 i,
295 2123 409 2170 fuge3
448 2123 517 2160 sed
548 2130 703 2172 poteras
734 2121 853 2159 tutior
882 2134 968 2160 esse
997 2119 1119 2159 domi.

237 2224 306 2254 1s11
333 2234 396 2254 om.
432 2224 506 2254 BA:
547 2227 621 2254 ante
647 2223 749 2263 Epist.
788 2224 824 2253 ¹8
856 2223 978 2253 exhibet
1009 2223 1066 2254 CA.
1128 2222 1214 2253 Forl.
1248 2225 1399 2253 steterant
1428 2227 1518 2253 extra

187 2268 333 2299 ordinem
348 2268 552 2308 paginarum
585 2267 622 2306 cf
641 2266 697 2297 ῙΧ
710 2267 820 2307 Epist„
834 2278 865 2297 2,
885 2268 918 2297 in
936 2266 1166 2297 reccnst'ont'bus
1182 2266 1327 2304 antiquis

233 2312 280 2343 111
306 2311 377 2342 hab.
398 2311 437 2340 H
548 2321 566 2348 5
592 2311 752 2351 rhonchi]
770 2316 846 2340 runt
864 2310 923 2340 ΑΛ
941 2321 1018 2349 «ειη,
1038 2310 1057 2343 i.
1072 2315 1135 2350 pro
1151 2309 1244 2339 runci
1361 2309 1517 2340 iuuenes-

188 2367 252 2395 que
267 2365 436 2393 senesque
449 2354 565 2384 ΑΛΒΛ
582 2366 588 2384 :
612 2355 826 2393 iuuenesque.
834 2364 1002 2393 senesque
1020 2354 1075 2393 xE)
1089 2353 1138 2384 vel
1149 2353 1345 2391 iuvenisque
1359 2354 1519 2392 senisque

191 2398 315 2440 rXBG)
336 2398 384 2428 CA
519 2408 534 2437 7
559 2399 634 2430 aud.
654 2404 724 2428 tum
745 2398 792 2428 CA
808 2400 835 2438 (t
850 2401 909 2437 pro
926 2407 956 2438 c)
1096 2407 1133 2427 12
1157 2396 1165 2426 i
1184 2406 1249 2427 om.
1269 2395 1308 2426 H
1367 2397 1470 2428 tutius
1490 2396 1519 2436 Q
