1684 2763
232 155 287 191 M.
321 154 441 191 VAL.
474 154 786 191 MARTIALIS

713 277 870 313 LXVII

230 346 412 385 Occurris
442 359 694 395 quocumque
724 347 812 384 loco
843 344 949 392 mihi,
982 347 1180 392 Postume,
1212 347 1357 384 clamas

282 411 459 461 protinus
488 418 527 449 et
555 410 680 460 prima
708 418 766 449 est
795 411 892 448 haec
923 418 988 448 tua
1017 424 1092 449 vox
1123 414 1131 430 ‘
1149 410 1257 459 Quid
1286 410 1416 461 agis?'

229 478 315 521 hoc,
348 475 379 514 si
410 489 472 514 me
501 475 633 514 decies
662 489 740 514 una
769 475 998 514 conveneris
1027 476 1133 522 hora,

283 540 406 579 dicis:
447 541 568 578 habes
598 548 695 590 puto
725 548 777 587 tu,
811 542 1008 587 Postume,
1041 540 1095 577 nil
1125 541 1233 589 quod
1262 552 1364 589 agas.

696 647 876 684 LXVIII

337 718 458 766 Quod
488 725 525 755 te
555 716 715 755 nomine
744 716 821 754 iam
852 724 920 754 tuo
949 717 1086 762 saluto,

336 796 454 832 quem
484 782 614 831 regem
645 789 682 819 et
712 780 919 819 dominum
949 780 1054 830 prius
1084 781 1286 827 vocabam,

336 861 477 903 ne'me
507 846 648 885 dixeris
678 860 763 884 esse
792 853 1098 884 contumacem:

335 912 425 950 totis
455 911 571 961 pillea
600 911 759 949 sarcinis
789 910 948 949 redemi.

335 991 442 1027 reges
469 985 507 1015 et
537 976 720 1015 dominos
750 976 894 1014 habere
923 976 1042 1013 debet
1537 994 1554 1022 5

334 1042 401 1091 qui
431 1055 471 1079 se
501 1054 581 1079 non
610 1040 729 1078 habet
757 1048 875 1090 atque
904 1040 1147 1090 concupiscit

334 1107 442 1156 quod
471 1119 578 1155 reges
608 1105 839 1154 dominique
867 1104 1163 1154 concupiscunt.

335 1184 487 1209 servom
518 1170 548 1208 si
578 1178 700 1220 potes,
733 1171 820 1217 Ole,
853 1173 933 1208 non
964 1171 1120 1215 habere,

335 1244 372 1273 et
403 1249 533 1285 regem
563 1242 687 1285 potes,
719 1236 805 1282 Ole,
837 1248 917 1273 non
948 1235 1102 1273 habere.

712 1347 846 1383 LXIX

230 1417 401 1456 Invitum
432 1430 571 1455 cenare
601 1416 692 1455 foris
723 1424 770 1463 te,
805 1415 991 1463 Classico,
1021 1415 1142 1454 dicis:

281 1483 309 1519 si
343 1496 423 1520 non
454 1481 639 1528 mentiris,
673 1480 857 1527 Classice,
890 1481 1122 1530 dispeream.

228 1548 309 1596 ipse
339 1560 498 1596 quoque
526 1548 577 1584 ad
607 1560 745 1584 cenam
775 1546 971 1595 gaudebat
1002 1545 1164 1595 Apicius
1194 1544 1273 1583 ire:

280 1626 370 1650 cum
401 1620 566 1658 cenaret,
599 1619 678 1650 erat
709 1611 851 1649 tristior
879 1611 953 1657 ille,
985 1610 1104 1648 domi.

225 1677 253 1714 si
286 1685 415 1715 tamen
446 1677 589 1715 invitus
618 1676 738 1723 vadis,
770 1689 848 1722 cur,
880 1675 1064 1722 Classice,
1095 1675 1234 1713 vadis?
1534 1690 1550 1719 ,ις

281 1744 457 1793 ‘Cogor'
486 1742 568 1780 ais:
606 1755 740 1780 verum
771 1749 852 1788 estg
890 1741 1040 1790 cogitur
1068 1748 1106 1778 ct
1136 1739 1271 1778 Selius.

229 1809 287 1844 En
318 1815 425 1857 rogat
455 1808 505 1845 ad
535 1820 674 1845 cenam
707 1805 850 1844 Melior
878 1813 925 1851 te,
959 1805 1143 1851 classice,
1176 1811 1332 1842 rectam.

278 1872 438 1919 grandia
468 1873 585 1910 verba
614 1871 682 1910 ubi
712 1873 831 1909 sunt?
860 1870 890 1908 si
920 1870 976 1908 vir
1005 1884 1056 1916 es,
1088 1883 1192 1916 ecce,
1224 1882 1332 1918 nega.

332 2053 425 2091 Non
455 2052 511 2089 vis
542 2051 579 2089 in
610 2051 708 2089 solio
737 2050 842 2100 prius
871 2050 988 2088 lavari

332 2130 583 2167 quemquam,
616 2116 770 2155 Cotile:
809 2129 926 2153 causa
955 2128 1066 2164 quae,
1100 2114 1173 2152 nisi
1203 2115 1300 2151 haec
1331 2120 1398 2157 est,

332 2181 448 2220 undis
478 2195 527 2219 ne
556 2180 720 2219 fovearis
749 2179 970 2217 irrumatis?

270 2284 396 2315 LXVII
422 2284 493 2315 lmb.
518 2283 549 2313 R
662 2293 676 2313 1
703 2283 849 2313 occussis
866 2281 899 2311 R
1010 2291 1028 2310 2
1054 2280 1176 2321 prima]
1197 2279 1351 2319 proxima
1369 2278 1419 2310 CA
1530 2291 1547 2317 4

249 2329 255 2335 ·
380 2328 403 2348 A

224 2329 383 2401 dltiinggll}
406 2371 478 2401 hab.
501 2370 539 2406 T,·
559 2381 608 2400 vv.
625 2380 684 2407 1-4
701 2369 773 2399 lmb.
787 2368 820 2398 R
911 2379 923 2398 1
947 2368 1038 2397 dices
1054 2367 1101 2397 CA
1120 2366 1197 2406 (pro
1213 2365 1310 2406 dicis)
1400 2366 1420 2395 6
1441 2365 1485 2396 ait
1502 2364 1548 2396 CA

268 2415 364 2445 LXX
389 2425 408 2444 2
432 2414 528 2452 coyle
548 2414 633 2454 (dle)
652 2412 729 2443 BA:
753 2411 865 2451 cotyle
879 2410 968 2451 (dle)
989 2411 1037 2441 CA
1124 2420 1210 2449 quae
1227 2419 1292 2440 om.
1312 2408 1366 2438 ΒΑ
