1684 2763
231 152 287 189 M.
319 151 441 190 VAL.
474 152 787 190 MARTIALIS

339 264 533 303 Octobres
564 266 678 303 Maro
708 264 949 303 consecravit
979 266 1086 303 Idus.

340 330 436 368 Idus
466 343 583 380 saepe
612 331 718 368 colas
747 338 785 368 et
810 331 880 368 has
909 337 947 368 et
976 329 1071 377 illas,

339 394 406 444 qui
435 388 566 445 magni
595 395 768 433 celebras
800 395 976 433 Maronis
1006 396 1113 434 Idus.
1541 412 1556 442 5

696 494 876 531 LXVIII

235 557 430 596 Matutine
459 557 592 605 cliens,
624 558 730 596 urbis
761 558 857 595 mihi
886 571 1004 596 causa
1032 557 1198 603 relictae,

284 623 391 670 atria,
422 623 453 661 si
484 623 621 673 sapias,
653 623 862 661 ambitiosa
891 624 1007 661 colas.

233 701 312 726 non
341 701 429 725 sum
458 701 531 737 ego
561 687 781 726 causidicus
811 701 884 726 nec
913 686 1053 725 amaris
1082 686 1215 725 litibus
1244 694 1357 737 aptus

285 753 355 790 sed
386 751 493 802 piger
521 760 559 790 et
589 752 719 791 senior
750 752 1029 802 Pieridumque
1059 765 1192 790 comes
1207 766 1218 800 3

233 816 311 855 otia
341 830 403 855 me
433 830 674 867 somnusque
704 817 849 864 iuvant,
882 830 983 867 quae
1013 829 1155 866 magna
1183 816 1337 867 negavit
1542 834 1558 864 5

289 883 418 919 Roma
448 882 567 920 mihi:
606 883 735 929 redeo,
769 882 800 920 si
830 881 1008 932 vigilatur
1037 889 1075 920 et
1104 881 1177 919 hic.

718 982 853 1018 LXIX

341 1055 404 1094 Sic
434 1064 634 1106 tamquam
666 1057 818 1095 tabulas
847 1057 1107 1106 scyphosque,
1140 1058 1271 1103 Paule,

341 1134 479 1159 ornnes
508 1122 740 1171 archetypos
770 1121 891 1159 habes
921 1120 1081 1159 amicos.

738 1221 849 1257 LXX

239 1296 375 1334 Lintea
404 1298 516 1334 ferret
546 1298 655 1346 Apro
684 1296 809 1334 vatius
839 1309 929 1334 cum
959 1297 1119 1334 vernula
1148 1309 1272 1346 nuper

288 1369 325 1399 ct
356 1374 471 1411 supra
500 1363 673 1411 togulam
704 1363 811 1399 lusca
841 1362 993 1398 sederet
1021 1374 1119 1398 anus

234 1434 353 1475 atque
382 1426 457 1464 olei
488 1426 630 1463 stillam
661 1427 770 1464 daret
801 1425 1083 1464 enterocelicus
1113 1433 1265 1472 unctor,

289 1492 458 1529 udorum
488 1491 646 1529 tetricus
677 1504 816 1529 censor
845 1498 883 1528 et
912 1504 1025 1540 asper
1054 1497 1162 1529 erat:

235 1556 470 1604 frangendos
500 1556 641 1594 calices
670 1557 1035 1605 effundendumque
1066 1556 1273 1593 Falernum
1548 1570 1565 1602 5

289 1621 485 1658 clamabat
515 1621 665 1659 biberet
695 1622 803 1670 quod
834 1622 955 1659 modo
984 1622 1087 1658 lotus
1117 1632 1247 1669 eques.

239 1687 271 1722 A
301 1698 394 1723 sene
421 1687 490 1723 sed
520 1694 729 1735 postquam
759 1694 898 1735 patruo
928 1698 1069 1723 venere
1099 1691 1282 1730 trecenta,

290 1749 445 1787 sobrius
474 1763 497 1787 a
527 1750 687 1788 thermis
718 1750 841 1787 nescit
871 1749 978 1788 abire
1007 1751 1184 1787 domum.

238 1814 273 1851 O
304 1822 495 1863 quantum
526 1814 690 1852 diatreta
719 1816 848 1851 valent
879 1821 916 1851 et
946 1813 1121 1863 quinque
1151 1813 1319 1852 comati!

291 1886 395 1925 tunc,
427 1892 517 1916 cum
548 1892 695 1928 pauper
724 1886 815 1924 erat,
847 1892 927 1916 non
957 1877 1112 1916 sitiebat
1142 1880 1257 1928 Aper.
1529 1895 1566 1917 10

721 1967 853 2002 LXXI

348 2042 415 2080 Nil
445 2056 537 2089 non,
569 2043 714 2091 Lygde,
748 2041 842 2079 mihi
873 2055 991 2091 negas
1022 2041 1196 2091 roganti:

346 2115 385 2145 at
414 2108 616 2157 quondam
648 2106 754 2153 mihi,
788 2107 933 2156 Lygde,
965 2106 1019 2143 nil
1049 2107 1230 2156 negabas.

286 2210 411 2241 LXVII
437 2220 455 2249 5
481 2220 602 2248 magna
622 2209 669 2240 CA
930 2209 1075 2240 LXVIII
1100 2210 1172 2240 lzab.
1209 2209 1238 2240 T
1322 2220 1342 2249 3
1366 2211 1525 2241 caudicus
1543 2209 1572 2240 T

240 2255 364 2285 amoris
384 2254 432 2284 CA
452 2256 532 2293 (non
546 2254 595 2284 A&
695 2262 714 2292 5
738 2253 879 2292 negauit
905 2253 1034 2283 AABA:
1069 2254 1210 2292 negauis
1228 2253 1309 2294 (-bis
1325 2252 1375 2292 X)
1395 2253 1445 2284 CA
1546 2255 1566 2283 6

241 2298 302 2328 hec
326 2297 355 2327 T
538 2297 633 2326 LXX
657 2307 676 2335 3
701 2297 796 2326 deret
821 2296 1071 2335 enteropelicus
1098 2296 1147 2327 CA
1235 2307 1254 2334 4
1281 2298 1422 2327 udorum
1434 2296 1568 2337 Lipsius

241 2345 269 2371 ct
285 2340 443 2370 Heinsius
458 2340 597 2371 Δάων-ς,
611 2345 645 2380 p.
669 2350 709 2379 97
730 2351 736 2370 :
761 2340 926 2369 nudorum
945 2339 1034 2370 codd.
1150 2341 1171 2369 6
1194 2340 1342 2381 biberet]
1362 2340 1500 2370 hiberos
1518 2340 1566 2370 CA

242 2384 297 2423 qui
315 2383 392 2457 Βέὲλ
415 2384 504 2422 quod
525 2383 574 2414 CA
706 2393 722 2421 7
748 2383 778 2413 A
800 2394 864 2413 om.
887 2383 941 2412 BA
1039 2388 1157 2421 patruo
1173 2393 1238 2413 om.
1264 2383 1312 2414 CA
1451 2394 1472 2423 9
1496 2384 1565 2414 dia-

243 2428 321 2457 trita
371 2441 377 2446 -
