1684 2763
772 154 1239 198 EPIGRAMMATON
1273 161 1375 198 LII-3.
1409 162 1465 199 IX

137 276 241 300 nunc
271 262 341 301 tibi
373 264 475 302 Iuno
505 264 618 311 favet,
650 277 756 303 nunc
786 271 824 303 tc
854 273 920 304 tua
950 266 1074 317 diligit
1106 269 1252 316 Ηώς,-

188 341 293 366 nunc
323 335 360 366 te
390 328 421 366 si
450 327 580 367 videat
610 330 808 380 Nympha,
839 330 1010 370 remittet
1041 334 1184 382 Hylan.

620 418 753 456 LXVI

136 480 242 517 onr
271 493 360 518 cum
392 479 462 519 tibi
492 480 540 519 sit
569 482 779 529 formonsa,
812 482 966 533 pudica,
998 486 1139 534 puella,

187 558 266 594 quo
296 544 367 583 tibi
397 553 577 584 natorum
609 546 701 594 iura,
735 548 908 596 Fabulle,
941 548 1089 587 trium?

132 610 242 659 quod
271 609 370 659 petis
399 624 422 648 a
450 619 584 650 nostro
614 613 778 662 supplex
806 613 1050 664 dominoque
1081 616 1236 665 deoque

187 681 228 712 tu
259 674 371 713 dabis
402 675 484 725 ipse
514 676 596 723 tibi,
627 676 659 714 si
687 685 800 727 potes
829 678 1003 729 arrigere.

608 765 765 803 LXVII

133 827 337 865 Lascivam
369 835 451 866 tota
480 828 638 878 possedi
668 837 784 868 nocte
813 832 995 880 puellam,

186 892 296 930 cuius
327 893 521 942 nequitias
551 893 706 932 vincere
736 896 842 933 nulla
871 904 1010 945 potest.

132 959 255 996 fessus
286 958 390 997 mille
421 959 549 998 modis
579 959 675 997 illud
704 960 852 1009 puerile
881 961 1068 1011 poposci:

184 1030 275 1061 ante
304 1036 439 1072 preces
470 1031 570 1062 totas
599 1024 804 1074 primaque
834 1027 951 1064 verba
981 1026 1100 1065 dedit.

131 1087 333 1138 inprobius
363 1088 554 1138 quiddam
584 1088 795 1139 ridensque
825 1091 1048 1141 rubensque
1078 1092 1234 1141 rogavi:
1447 1109 1464 1141 5

184 1153 395 1203 pollicitast
424 1155 531 1192 nulla
560 1154 757 1192 luxuriosa
787 1168 905 1193 mora.

131 1220 200 1257 sed
230 1218 326 1256 mihi
356 1232 452 1269 pura
480 1218 576 1267 fuit3
615 1219 685 1258 tibi
715 1233 796 1258 non
826 1220 907 1267 erit,
939 1222 1146 1270 Aeschyle‚
1179 1222 1209 1260 si
1240 1222 1295 1260 vis

182 1284 360 1334 accipere
389 1285 466 1323 hoc
496 1298 638 1323 munus
668 1285 898 1324 conditione
928 1289 1040 1325 mala.

598 1373 777 1411 LXVIII

132 1442 239 1491 Quid
270 1442 340 1480 tibi
370 1443 578 1482 nobiscum
609 1450 677 1489 est,
709 1442 792 1481 ludi
821 1445 1006 1481 scelerate
1038 1443 1228 1493 magister,

184 1507 352 1545 invisum
383 1506 511 1557 pueris
541 1507 833 1558 virginibusque
863 1510 1012 1558 caput?

131 1574 309 1611 nondum
340 1571 485 1610 cristati
515 1585 651 1622 rupere
681 1572 833 1610 silentia
862 1573 974 1622 galli:

184 1652 381 1676 murmure
410 1637 487 1676 iam
517 1650 633 1675 saevo
663 1637 968 1688 verberibusque
997 1645 1120 1676 tonas.

130 1712 209 1742 tam
239 1716 352 1754 grave
382 1702 575 1753 percussis
605 1702 815 1743 incudibus
844 1716 933 1742 aera
967 1704 1164 1749 resultant,
1443 1722 1460 1752 5

183 1768 426 1808 causidicum
457 1767 589 1807 medio
619 1781 709 1806 curn
740 1768 847 1806 faber
875 1775 982 1818 aptat
1012 1781 1141 1818 equo:

130 1834 258 1874 mitior
286 1835 325 1873 in
356 1848 498 1885 magno
527 1835 674 1872 clamor
702 1833 792 1871 furit
819 1832 1119 1883 amphitheatro,

182 1899 353 1939 vincenti
382 1912 540 1950 parmae
569 1912 659 1937 cum
689 1911 759 1937 sua
787 1898 901 1936 turba
930 1899 1042 1936 favet.

129 1966 245 2006 vicini
275 1977 595 2004 somnum—non
626 1970 708 2001 tota
737 1971 1115 2013 nocte-—rogamusz

182 2046 272 2071 nam
303 2030 459 2081 vigilare
488 2030 572 2068 leve
602 2036 669 2076 est,
702 2028 928 2079 pervigilare
956 2042 1070 2079 grave
1099 2036 1167 2067 est.
1420 2045 1458 2066 10

175 2148 213 2176 14
237 2138 264 2168 si
283 2143 315 2167 te
331 2135 369 2165 X

173 2181 282 2212 LXVI
308 2180 381 2211 lzab.
403 2179 431 2210 T
516 2188 534 2208 2
559 2178 615 2217 qui
640 2178 668 2209 T
753 2182 861 2208 torum
885 2176 913 2207 T
1041 2187 1060 2215 3
1085 2187 1104 2206 a
1120 2187 1185 2206 om.
1207 2175 1255 2206 CA
1272 2180 1308 2206 ut
1323 2174 1384 2206 vid.

173 2224 299 2255 LXVII
325 2234 373 2254 vv.
398 2224 458 2253 1-6
470 2221 543 2253 hab.
569 2221 598 2252 T
684 2231 697 2251 1
724 2225 797 2251 toto
815 2220 865 2251 CA
975 2231 994 2250 2
1019 2230 1119 2250 nemo
1133 2220 1267 2250 AACA:
1293 2219 1384 2249 nulla
1401 2218 1455 2248 ΒΑ

129 2279 148 2307 5
174 2267 305 2306 rogauit
317 2266 371 2296 ΒΑ
459 2266 479 2296 8
502 2265 617 2305 accipe
634 2264 680 2295 CA
695 2264 794 2305 <unde
806 2263 921 2302 accipe
934 2268 967 2294 et
981 2263 1022 2294 C>
1169 2262 1313 2293 LXVIII
1338 2263 1410 2292 Ιιαὶ).
1430 2262 1458 2292 T

129 2325 147 2350 4
170 2316 235 2341 tam
254 2310 308 2340 ΒΑ
375 2314 475 2340 tonas
491 2308 569 2340 AA:
590 2318 692 2338 sonas
705 2307 759 2338 BA
774 2319 780 2337 :
805 2312 906 2338 tonos
924 2307 972 2338 CA
987 2310 1023 2336 ut
1038 2306 1101 2336 vid.
1194 2316 1212 2345 5
1232 2315 1411 2345 percussus
1429 2305 1457 2334 T

127 2357 148 2385 6
173 2353 339 2385 causidico
364 2353 508 2383 medium
525 2375 532 2383 .
552 2375 559 2382 .
582 2377 588 2384 .
607 2362 729 2391 equum
746 2351 805 2380 ΛΑ
823 2362 830 2381 :
865 2350 1069 2381 causidicum
1093 2349 1202 2380 medio
1221 2349 1366 2390 (medico
1383 2348 1451 2388 BA„

156 2422 163 2429 .
183 2421 191 2429 .
212 2407 297 2437 equo
315 2395 422 2427 ΒΑΕἊ
552 2396 572 2425 8
597 2405 658 2434 per
673 2404 784 2425 armae
807 2394 836 2425 T
962 2404 983 2433 9
1005 2393 1116 2424 uicino
1139 2392 1168 2423 T
