1684 2763
753 136 1220 173 EPIGRAMMATON
1256 137 1356 173 LIB.
1392 137 1457 174 III

239 250 315 286 hoc
345 249 458 286 valde
486 247 622 284 vitium
653 246 916 297 periculosum
947 254 1015 285 est.
1443 265 1458 294 5

239 327 318 351 non
349 313 453 362 tigris
483 312 620 350 catulis
650 312 768 350 citata
797 312 925 361 raptiS‚

239 392 318 416 non
349 378 481 427 dipsas
511 377 644 415 medio
673 385 830 427 perusta
858 379 950 423 sole,

239 457 312 481 nec
341 443 396 481 sic
426 442 601 492 scorpios
631 442 821 492 inprobus
851 441 1019 480 timetur.

239 522 329 546 nam
360 516 500 554 tantos,
534 521 638 556 rogo,
671 507 758 557 quis
788 509 884 545 ferat
914 507 1097 545 labores?

237 581 275 612 et
305 573 421 611 stanti
451 573 545 623 legis
575 581 613 611 et
642 572 736 622 legis
767 572 930 618 sedenti,
1423 586 1461 608 10

230 638 406 676 'currenti
436 638 530 687 legis
561 646 598 676 et
628 638 722 687 legis
752 637 916 676 cacanti.

238 703 276 741 in
307 704 477 741 thermas
507 703 636 753 fugio:
677 716 793 741 sonas
823 704 872 740 ad
902 715 1047 740 aurem.

239 767 429 818 piscinam
460 776 578 817 peto:
618 782 698 806 non
728 767 818 805 licet
848 775 991 805 natare.

236 834 287 871 ad
317 846 455 871 cenam
485 846 679 882 propero:
719 840 828 870 tenes
859 840 1029 870 euntem.

237 899 288 936 ad
317 911 456 936 cenam
486 898 625 936 venio:
666 899 774 947 fugas
804 899 1020 935 sedentem.
1423 910 1459 941 15

238 964 360 1000 lassus
390 962 567 1000 dormio:
608 962 771 1000 suscitas
802 962 1007 1000 iacentem.

237 1027 318 1075 Vis,
350 1036 541 1077 quantum
572 1027 689 1066 facias
720 1027 821 1073 mali,
854 1027 1017 1066 videre?

237 1091 293 1130 vir
321 1092 456 1139 iustus,
488 1093 644 1142 probus,
677 1092 869 1130 innocens
899 1091 1055 1129 timeris.

629 1171 742 1207 XLV

131 1239 287 1289 Fugerit
315 1253 365 1277 an
397 1240 583 1277 Phoebus
614 1252 768 1277 mensas
797 1251 1018 1288 cenamque
1047 1239 1242 1287 Thyestae

182 1304 342 1354 ignoro:
382 1304 552 1354 fugimus
583 1318 665 1351 nos,
699 1304 894 1354 Ligurine,
928 1312 1046 1342 tuam.

128 1369 192 1407 illa
221 1369 382 1419 quidem
413 1371 517 1407 lauta
546 1378 604 1408 est
633 1369 882 1419 dapibusque
911 1369 1098 1407 instructa
1128 1367 1314 1418 superbis,

181 1435 250 1472 sed
281 1434 377 1472 nihil
407 1435 572 1473 omnino
601 1443 639 1473 te
668 1435 856 1473 recitante
885 1436 1024 1484 placet.

129 1501 222 1537 nolo
253 1499 347 1537 mihi
377 1513 501 1549 ponas
531 1500 719 1537 rhombos
750 1501 964 1537 mullumve
994 1498 1173 1536 bilibrem
1438 1514 1454 1544 5

183 1577 255 1602 nec
285 1566 374 1602 volo
403 1565 568 1610 boletos,
601 1573 728 1602 ostrea
758 1566 873 1602 nolo:
914 1573 1009 1602 tace.

610 1642 744 1678 XLVI

130 1709 261 1759 Exigis
291 1723 313 1748 a
343 1710 458 1748 nobis
488 1724 648 1760 operam
679 1710 762 1748 sine
792 1711 869 1748 fine
899 1717 1094 1759 togatam:

181 1788 262 1813 non
291 1788 350 1822 eo,
382 1775 564 1814 libertum
594 1777 664 1814 sed
694 1775 763 1814 tibi
794 1775 906 1813 mitto
936 1788 1080 1813 meum.

130 1840 245 1877 ‘Non
275 1841 354 1878 est'
384 1839 513 1889 inquis
545 1840 696 1879 ‘idem.'
754 1842 885 1878 Multo
914 1842 1001 1890 plus
1031 1853 1115 1878 esse
1145 1839 1344 1890 probabo:

180 1904 242 1941 vix
271 1918 344 1954 ego
374 1905 553 1943 lecticam
583 1906 809 1955 subsequar,
841 1905 904 1943 ille
934 1907 1039 1943 feret.

128 1968 166 2006 in
196 1969 350 2007 turbam
380 1969 574 2016 incideris,
605 1978 770 2008 cunctos
800 1970 975 2008 umbone
1004 1971 1188 2019 repellet:

180 2032 396 2072 invalidum
427 2042 484 2072 est
514 2034 629 2072 nobis
658 2034 954 2085 ingenuumque
982 2036 1092 2072 latus.

171 2119 284 2150 XLIV
304 2130 320 2158 7
343 2131 405 2150 nec
421 2120 468 2150 CA
498 2121 536 2159 cf.
549 2131 578 2150 v.
593 2121 627 2161 8)
701 2121 720 2150 8
742 2132 809 2151 non
824 2120 871 2150 CA
889 2121 941 2160 (cf.
960 2131 989 2151 υ.
1005 2121 1037 2159 7)
1120 2131 1158 2150 10
1177 2121 1259 2150 tanti
1278 2124 1314 2150 ut
1330 2119 1390 2150 m'd.
1408 2120 1455 2150 CA

130 2172 167 2191 12
191 2173 291 2194 sonas
307 2164 348 2193 ad
366 2163 499 2204 aurern]
519 2169 617 2194 tenes
635 2169 771 2194 euntem
790 2164 837 2195 CA
856 2166 904 2203 gcf.
925 2175 952 2195 v.
975 2168 1028 2202 14)
1150 2173 1186 2202 13
1212 2168 1313 2202 poete
1336 2163 1364 2193 T
1393 2169 1454 2203 pro

127 2208 242 2245 petez)
305 2207 384 2237 licet
400 2207 536 2237 ΑΑΒΑε
559 2208 645 2237 sinis
665 2208 711 2237 CA
815 2218 851 2246 14
876 2213 973 2238 tenes
990 2207 1144 2247 euntem]
1162 2217 1264 2237 sonas
1280 2207 1322 2237 ad
1339 2217 1453 2237 aurem

129 2249 175 2279 CA
192 2250 243 2289 (cf
263 2260 291 2280 v.
314 2260 367 2280 12·
503 2260 540 2289 15
565 2251 644 2290 fuga
665 2251 740 2281 TCA
876 2252 914 2281 18
938 2252 1063 2290 probus
1078 2251 1210 2281 AACA:
1234 2251 1342 2280 bonus
1359 2249 1415 2279 BA

172 2292 265 2322 XLV
288 2293 360 2324 hab.
386 2293 431 2332 T;
455 2304 503 2324 vv.
524 2296 588 2332 5-6
603 2294 675 2326 hab.
695 2295 728 2324 R
842 2304 854 2324 1
881 2295 936 2334 ph.
955 2306 1042 2325 men.
1059 2294 1188 2324 AACA:
1215 2304 1302 2324 men.
1323 2294 1377 2333 ph.
1399 2293 1454 2323 BA

128 2344 146 2364 2
171 2346 238 2365 non
254 2336 301 2366 CA
374 2346 393 2374 3
412 2338 468 2367 illa
481 2337 591 2368 AACA
607 2349 613 2368 z
633 2338 698 2368 ista
715 2337 769 2367 ΒΑ
842 2348 861 2376 5
881 2339 1042 2368 rhombos
1058 2337 1195 2367 AABA:
1216 2337 1390 2367 rhombum
1406 2336 1454 2367 CA

126 2388 206 2417 -que
217 2378 296 2409 AA:
315 2390 369 2409 -ue
380 2379 487 2410 BACA
530 2382 550 2410 6
566 2381 652 2421 boL]
664 2381 751 2411 letos
764 2380 811 2411 CA
900 2381 1010 2411 XLVI
1029 2381 1103 2412 hab.
1116 2380 1156 2419 T;
1173 2391 1222 2411 vv.
1236 2391 1322 2419 9-10
1333 2380 1406 2410 hab.
1422 2380 1454 2409 R

128 2430 147 2459 3
165 2422 303 2452 multum
321 2432 351 2461 p.
369 2428 422 2453 est
444 2423 473 2452 T
517 2429 590 2454 este
611 2424 657 2454 CA
673 2426 746 2464 <pro
763 2430 813 2463 ee,
834 2425 852 2454 i.
869 2435 893 2455 e.
914 2427 1003 2465 esse)
1073 2434 1091 2463 5
1117 2425 1214 2454 umbo
1234 2424 1281 2454 CA
1295 2426 1367 2463 (seq.
1386 2423 1450 2461 re»)

174 2474 280 2496 MART.
298 2475 350 2496 ΕΡ.
1349 2467 1368 2495 6
