1684 2715
152 75 206 111 M.
239 75 360 122 VAL.
395 76 710 115 MARTIALIS

633 189 775 226 XXIV

149 256 187 294 si
219 256 306 307 quis
335 258 430 296 ades
460 257 586 308 longis
617 272 724 297 serus
755 267 953 309 spectator
981 260 1032 299 ab
1062 260 1150 308 oris,

202 322 265 360 cui
295 323 359 360 lux
389 323 515 373 prima
544 323 642 362 sacri
673 324 846 363 muneris
877 325 950 364 ista
978 325 1061 373 fuit,

148 400 199 425 ne
228 395 266 425 te
296 387 469 438 decipiat
497 388 646 427 ratibus
677 389 826 428 navalis
859 392 974 440 Enyo

202 461 240 490 et
270 466 338 502 par
367 454 475 491 unda
503 454 621 501 fretis,
653 455 716 493 hic
747 456 869 494 modo
899 463 999 494 terra
1027 455 1109 494 fuit.

148 531 228 555 non
259 517 414 556 credis?
444 527 588 569 specta,
621 521 717 558 dum
748 522 894 559 lassant
922 534 1096 571 aequora
1128 523 1328 560 Martem:
1470 541 1487 570 5

201 595 319 633 parva
348 597 458 622 mora
486 592 555 632 est,
587 584 696 624 dices
728 585 832 624 ‘Hic
863 587 985 625 modo
1014 595 1159 637 pontus
1189 588 1295 626 erat.’

648 673 765 709 XXV

149 741 269 789 Quod
301 749 493 778 nocturna
523 741 605 788 tibi,
638 743 832 789 Leandre,
865 743 1082 793 pepercerit
1113 745 1221 782 unda

201 805 338 844 desine
368 805 522 845 mirari:
564 807 744 846 Caesaris
774 809 882 846 unda
912 807 996 846 fuit.

628 895 745 931 XXV
767 895 793 933 b

149 966 251 1003 (Jurn
282 972 433 1013 peteret
463 965 600 1002 dulces
629 966 758 1003 audax
790 967 992 1005 Leandros
1022 980 1176 1005 amores

201 1037 239 1067 et
268 1030 393 1067 fessus
424 1029 586 1068 tumidis
617 1029 693 1067 iam
724 1039 965 1080 premeretur
993 1031 1118 1081 aquis,

148 1094 204 1132 sic
234 1093 354 1132 miser
382 1094 574 1132 instantes
603 1096 758 1133 adfatus
789 1095 931 1134 dicitur
961 1098 1111 1135 undas:

204 1159 379 1198 ‘Parcite
409 1161 503 1198 dum
535 1173 714 1210 propero,
748 1161 909 1210 mergite
939 1175 1029 1199 cum
1060 1163 1204 1200 redeo.’

634 1249 771 1286 XXVI

149 1317 259 1356 Lusit
291 1319 509 1356 Nereidum
541 1318 680 1357 docilis
710 1320 854 1357 chorus
883 1332 1056 1369 aequore
1086 1328 1170 1358 toto

201 1392 239 1421 et
269 1383 374 1422 vario
405 1384 537 1422 faciles
567 1384 706 1423 ordine
736 1384 859 1435 pinxit
888 1398 1023 1435 aquas.

148 1448 300 1487 fuscina
331 1450 451 1487 dente
482 1449 613 1487 minax
643 1458 751 1488 recto
782 1450 864 1497 fuit,
896 1464 1041 1488 ancora
1070 1464 1214 1490 curvo:

201 1514 442 1553 credidimus
472 1529 622 1553 remum
654 1515 975 1566 credidimusque
1005 1524 1139 1564 ratem,

148 1588 184 1617 et
214 1588 365 1629 gratum
397 1579 525 1617 nautis
556 1579 664 1618 sidus
696 1581 841 1630 fulgere
872 1582 1076 1620 Laconum
1467 1600 1483 1629 5

202 1646 358 1694 lataque
388 1645 597 1694 perspicuo
627 1647 712 1683 vela
742 1653 894 1684 tumere
923 1646 1022 1685 sinu.

149 1709 248 1757 Quis
279 1718 405 1747 tantas
436 1709 595 1759 liquidis
624 1719 727 1748 artes
756 1710 904 1749 invenit
935 1711 973 1749 in
1005 1711 1151 1750 undis?

201 1783 266 1812 aut
297 1774 432 1813 docuit
463 1776 571 1813 lusus
601 1776 673 1813 hos
704 1775 843 1814 Thetis
873 1785 939 1814 aut
969 1776 1118 1815 didicit.

626 1864 786 1901 XXVII

149 1933 314 1970 Saecula
343 1933 659 1982 Carpophorum,
692 1934 847 1981 Caesar,
879 1934 910 1972 si
941 1934 1067 1984 prisca
1097 1935 1288 1983 tulissent,

202 2010 282 2035 non
315 1998 595 2036 Parthaoniam
627 1999 791 2037 barbara
821 2008 921 2038 terra
944 1993 1084 2048 seram,

193 2093 310 2124 XXIV
334 2094 406 2125 hab.
426 2094 467 2124 H
591 2105 604 2125 1
630 2097 727 2127 adest
743 2096 817 2128 Ital.
947 2108 966 2128 2
990 2097 1063 2138 ipsa
1079 2097 1153 2128 Ital.
1281 2108 1301 2137 3
1327 2109 1369 2129 ne
1384 2098 1458 2130 Ital.
1476 2110 1482 2129 ·.

149 2147 212 2167 nec
229 2136 269 2166 H
397 2148 417 2177 5
441 2144 576 2176 spectes
591 2138 665 2169 Iml.
1078 2141 1178 2172 XXV
1201 2141 1272 2173 hab.
1292 2142 1366 2172 HR

192 2180 292 2210 XXV
306 2181 325 2210 b
349 2181 420 2211 hab.
440 2181 522 2212 HR.
566 2181 651 2212 Cum
667 2184 829 2222 superiore
846 2183 938 2223 const.
957 2185 990 2214 A
997 2186 1017 2205 Α
1033 2197 1039 2216 :
1067 2196 1147 2216 corr.
1164 2185 1240 2216 Ital.
1363 2198 1382 2225 4
1407 2196 1480 2216 cum

150 2223 218 2263 (Hi
235 2225 284 2254 vel
299 2225 376 2254 dum
409 2224 456 2254 RN
477 2235 500 2257 r.
521 2225 582 2254 ΑΛ

194 2267 309 2297 XXVI
329 2268 400 2298 hab.
420 2267 461 2297 H
588 2278 608 2307 3
627 2274 718 2299 recto
736 2269 844 2309 Rooy:
871 2271 996 2301 nectho
1011 2271 1094 2301 Ast:
1119 2282 1208 2301 nexu
1227 2271 1299 2303 Ital.

194 2311 326 2342 XXVII
351 2311 423 2343 ΙιαΙ).
443 2311 483 2341 ΙΙ
614 2322 634 2342 2
659 2322 727 2342 non
745 2314 938 2344 amarathon
956 2324 1029 2345 cum
1048 2315 1076 2344 b.
1095 2320 1115 2345 t.
1135 2315 1207 2346 sera
1223 2316 1283 2345 ΑΛ
1301 2316 1354 2355 (ef
1374 2327 1404 2347 ν.
1425 2319 1459 2355 3)
1476 2328 1482 2347 :

149 2366 213 2385 om.
233 2355 308 2386 Ital.
329 2362 421 2393 (vers.
433 2355 591 2393 ficticium
607 2355 754 2386 exhibent
766 2357 854 2387 codd.
873 2358 998 2397 alt'quol
1017 2366 1024 2375 ⁶
1038 2358 1106 2388 Iam
1126 2359 1249 2389 nullum
1269 2359 1300 2389 in
1319 2361 1481 2391 monstris

148 2399 230 2429 orbe
246 2398 367 2429 suisset
385 2397 504 2439 opus')
521 2410 528 2430 ε
551 2410 629 2430 corr.
647 2399 820 2431 Buecheler
