1684 2763
191 172 247 209 M.
279 172 400 208 VAL.
435 171 747 209 MARTIALIS

296 295 377 320 non
407 289 464 321 est
493 281 702 320 ambitiosa
730 295 803 320 nec
833 282 1023 332 superba:

296 349 513 386 delectatur
541 348 674 394 odore,
705 360 785 386 non
815 348 955 387 colore.

678 459 820 496 LXIII

193 541 255 578 Ad
285 553 423 578 cenam
454 539 618 577 invitant
648 552 786 577 omnes
816 546 863 585 te,
897 539 1069 586 Phoebe,
1102 539 1265 578 cinaedi.

247 606 420 643 mentula
450 617 567 653 quem
598 603 732 653 pascit,
765 617 856 650 non,
889 611 995 653 puto,
1028 617 1146 655 purus
1176 606 1297 643 homo
1328 612 1395 643 est.

676 714 811 751 LXIV

195 797 379 835 Herculis
409 796 448 833 in
478 795 608 844 magni
638 796 765 833 voltus
796 796 1036 834 descendere
1068 796 1212 835 Caesar

246 862 428 912 dignatus
458 860 593 898 Latiae
623 861 690 899 dat
718 873 820 899 nova
849 862 994 910 templa
1023 860 1117 908 viae,

195 941 271 977 qua
300 926 454 964 Triviae
485 938 692 964 nemorosa
722 925 817 975 petit
847 927 942 964 dum
973 939 1100 976 regna,
1132 925 1254 964 viator

249 1000 431 1030 octavum
462 990 623 1029 domina
653 1003 822 1028 marmor
850 991 900 1029 ab
931 991 1026 1029 urbe
1056 990 1156 1040 legit.

195 1064 286 1095 ante
316 1056 517 1094 colebatur
546 1055 645 1093 votis
676 1063 714 1093 et
743 1054 932 1105 sanguine
961 1056 1078 1104 largo,
1507 1071 1523 1101 5

251 1120 437 1159 maiorem
468 1120 636 1158 Alciden
666 1133 771 1158 nunc
802 1119 929 1157 minor
957 1119 1040 1169 ipse
1069 1119 1172 1157 colit.

198 1189 302 1224 hunc
333 1198 492 1234 magnas
522 1192 630 1234 rogat
659 1186 755 1223 alter
784 1197 889 1234 opes,
922 1191 1029 1233 rogat
1058 1185 1154 1222 alter
1184 1184 1352 1222 honores
1369 1198 1377 1229 3

251 1250 303 1287 illi
334 1263 491 1288 securus
522 1257 610 1287 vota
641 1249 791 1287 minora
820 1248 921 1286 facit.

702 1359 812 1395 LXV

200 1442 350 1488 Alcide,
382 1441 494 1479 Latio
525 1454 629 1479 nunc
658 1441 909 1490 agnoscende
938 1439 1122 1486 Tonanti,

254 1514 461 1556 postquam
494 1507 656 1555 pulchra
687 1504 750 1543 dei
781 1503 957 1544 Caesaris
987 1518 1054 1542 ora
1082 1504 1191 1553 geris,

202 1572 231 1610 si
262 1571 331 1609 tibi
363 1579 455 1608 tunc
486 1570 547 1608 isti
578 1571 706 1608 vultus
736 1569 973 1619 habitusque
1002 1568 1176 1614 fuissent,

256 1644 455 1674 cesserunt
487 1634 667 1673 manibus
697 1648 786 1673 cum
817 1635 896 1672 fera
921 1641 1094 1672 monstra
1124 1633 1222 1671 tuis:

204 1700 386 1749 Argolico
416 1701 605 1737 famulum
636 1712 716 1737 non
747 1706 783 1737 te
813 1698 954 1737 servire
984 1706 1147 1747 tyranno
1511 1713 1527 1744 5

257 1770 445 1808 vidissent
474 1777 609 1818 gentes
639 1782 832 1818 saevaque
861 1782 979 1818 regna
1007 1767 1097 1817 pati,

205 1836 274 1874 sed
305 1842 345 1873 tu
375 1834 551 1872 iussisses
583 1834 822 1882 Eurysthea3
861 1846 934 1871 nec
963 1832 1033 1870 tibi
1064 1833 1177 1869 fallax

259 1905 449 1949 portasset
479 1897 595 1936 Nessi
624 1898 772 1947 perfida
801 1898 907 1934 dona
937 1896 1089 1942 Lichas,

208 1964 346 2003 Oetaei
376 1963 459 2001 sine
489 1964 572 2012 lege
602 1962 683 2011 rogi
713 1975 872 2000 securus
901 1961 1049 2000 adisses

260 2036 360 2066 astra
391 2027 506 2077 patris
536 2027 689 2073 summi,
722 2040 822 2076 quae
852 2025 922 2064 tibi
952 2039 1079 2075 poena
1109 2025 1242 2070 dedit;
1496 2040 1533 2062 10

210 2093 333 2143 Lydia
363 2106 435 2130 nec
465 2091 650 2130 dominae
680 2091 857 2129 traxisses
887 2104 1008 2140 pensa
1038 2090 1228 2140 superbae

263 2170 335 2195 nec
365 2158 480 2206 Styga
510 2155 672 2194 vidisses
701 2157 1011 2204 Tartareumque
1040 2167 1190 2193 canem.

256 2260 352 2291 LXII
378 2272 397 2298 4
421 2261 523 2290 odere
541 2270 574 2290 n.
591 2258 701 2290 colere
721 2257 770 2288 CA
789 2259 823 2297 (e
837 2263 896 2296 pro
911 2258 944 2296 ο)
1188 2255 1304 2286 LXIII
1334 2266 1346 2285 1
1366 2260 1398 2286 te
1416 2265 1533 2286 omnes

212 2304 309 2343 (EA)
329 2308 364 2334 ut
378 2303 441 2334 vid.
461 2303 510 2334 CA
754 2301 864 2331 LXIV
880 2311 955 2330 cum
983 2299 1095 2330 LXIII
1124 2299 1215 2337 confl.
1247 2298 1294 2329 CA
1383 2308 1401 2328 2
1427 2298 1533 2329 datiae

213 2349 269 2378 dat
296 2347 344 2377 CA
474 2357 493 2384 4
518 2345 687 2376 octauium
707 2343 756 2374 CA
886 2352 904 2381 5
929 2343 1103 2373 colebatur
1118 2342 1170 2372 BA
1188 2354 1194 2373 ε
1220 2341 1382 2372 colebatis
1400 2341 1447 2371 CA

258 2391 349 2420 LXV
372 2400 446 2420 cum
467 2389 576 2419 LXIV
588 2387 679 2426 confi.
698 2387 746 2417 CA
836 2397 854 2417 Ω
880 2385 987 2426 geris]
1006 2396 1103 2425 reges
1122 2386 1169 2416 CA
1257 2395 1276 2423 3
1302 2385 1442 2415 fuissent
1458 2384 1534 2414 BA:

214 2435 330 2465 suisset
351 2433 397 2464 CA
507 2433 527 2462 8
553 2442 613 2462 nec
630 2431 657 2462 si
676 2431 724 2462 CA
834 2440 855 2470 9
879 2429 969 2468 rogis
988 2429 1035 2461 CA
1148 2440 1186 2460 10
1211 2438 1320 2468 poena
1338 2428 1395 2459 tibi
1415 2426 1463 2459 CA
