1684 2763
212 148 268 184 M.
300 146 422 183 VAL.
455 145 768 182 MARTIALIS

318 270 392 296 nec
422 264 460 296 te
489 256 653 295 barbara
681 255 959 295 contumeliosi

318 323 512 361 calcatum
542 329 626 360 rota
655 328 831 360 conterat
861 319 1023 359 bubulci
1037 335 1047 367 3
1521 334 1538 366 5

316 387 372 426 sic
401 394 439 426 et
467 386 653 425 cornibus
681 385 807 424 aureis
836 385 1002 435 receptis

318 460 356 491 et
386 453 593 490 Romanus
622 464 687 489 eas
716 458 880 500 utraque
909 450 1014 500 ripa:

317 517 532 555 Traianum
561 516 717 566 populis
747 515 827 554 suis
856 523 895 554 et
923 515 1021 562 urbi,

315 581 486 631 Thybris
516 589 554 620 te
583 580 768 620 dominus
797 587 917 629 rogat,
949 580 1132 618 remittas.

710 668 815 705 VIII

210 752 371 790 Nubere
402 753 523 790 Paula
551 751 659 801 cupit
689 750 815 797 nobis,
847 763 920 800 ego
949 751 1093 788 ducere
1124 750 1285 787 Paulam

261 818 379 856 nolo:
417 830 516 854 anus
546 823 614 854 est.
676 816 843 862 Vellem,
875 814 906 853 si
936 814 1058 864 magis
1088 822 1190 853 esset
1217 827 1326 852 anus.

736 903 796 940 IX

314 968 494 1007 Vndenis
522 968 771 1017 pedibusque
800 967 1037 1017 syllabisque

315 1041 353 1072 et
383 1035 507 1072 multo
536 1034 627 1079 sale,
659 1046 731 1071 nec
760 1040 893 1070 tamen
922 1040 1103 1082 protervo

315 1106 432 1136 notus
461 1097 645 1148 gentibus
674 1097 739 1135 ille
770 1097 960 1135 Martialis

313 1171 352 1202 et
381 1171 497 1202 notus
526 1162 682 1213 populis
694 1162 835 1211 —quid
864 1161 1046 1200 invidetis
1060 1163 1129 1199 ?—

313 1241 393 1265 non
424 1241 510 1266 sum
540 1228 820 1266 Andraemone
850 1226 979 1264 notior
1007 1226 1170 1264 caballo.
1519 1243 1535 1274 5

743 1310 779 1345 X

207 1377 309 1415 Cum
341 1382 393 1421 tu,
426 1373 622 1423 laurigeris
652 1386 801 1411 annum
832 1372 899 1422 qui
928 1372 1099 1410 fascibus
1129 1372 1258 1418 intras,

259 1454 375 1478 mane
406 1441 593 1478 salutator
622 1439 757 1476 limina
787 1438 892 1477 mille
922 1446 1035 1485 teras,

206 1506 268 1544 hic
299 1518 372 1555 ego
401 1504 497 1554 quid
527 1504 699 1542 faciam?
737 1503 833 1554 quid
863 1503 990 1550 nobis,
1023 1504 1155 1550 Paule,
1186 1503 1382 1553 relinquis,

258 1570 325 1620 qui
355 1571 405 1608 de
435 1570 551 1619 plebe
582 1571 738 1608 Numae
769 1570 972 1619 densaque
1002 1568 1115 1607 turba
1144 1570 1309 1606 sumus?

204 1635 270 1685 qui
301 1649 364 1673 me
394 1634 574 1685 respiciet
603 1634 812 1673 dominum
843 1647 1054 1684 regemque
1082 1633 1265 1672 vocabo?
1515 1651 1531 1682 5

258 1701 335 1738 hoc
365 1701 532 1738 tu——sed
563 1707 712 1749 quanto
741 1699 925 1737 blandius
946 1699 1093 1748 l—ipse
1122 1698 1226 1736 facis.

203 1764 383 1803 lecticam
413 1766 597 1802 sellamve
626 1766 797 1813 sequar?
828 1777 901 1802 nec
930 1765 1027 1802 ferre
1056 1776 1222 1810 recusas,

255 1842 324 1879 per
353 1829 528 1867 medium
558 1842 708 1878 pugnas
737 1836 775 1866 et
804 1828 908 1878 prior
935 1828 1011 1866 isse
1039 1829 1175 1866 lutum.

204 1894 359 1944 saepius
388 1895 595 1942 adsurgam
625 1892 802 1931 recitanti
832 1892 1036 1930 carmina?
1074 1900 1115 1930 tu
1145 1900 1222 1930 stas

256 1966 295 1997 et
324 1958 464 2008 pariter
492 1957 668 2007 geminas
698 1957 826 1996 tendis
856 1957 895 1994 in
925 1970 992 1995 ora
1021 1970 1171 1995 manus.
1494 1974 1533 1997 10

205 2023 312 2072 Quid
342 2022 457 2061 faciet
486 2036 633 2073 pauper
662 2022 724 2060 cui
754 2036 834 2061 non
864 2021 954 2060 licet
982 2035 1067 2060 esse
1096 2021 1259 2060 clienti?

257 2087 405 2127 dimisit
434 2095 585 2126 nostras
615 2101 785 2138 purpura
813 2095 939 2126 vestra
968 2095 1087 2137 togas.

245 2190 310 2221 VII
336 2201 355 2229 5
379 2196 517 2222 contera
536 2190 627 2230 (EA)
647 2190 697 2220 vel
710 2195 756 2220 -at
776 2190 823 2221 CA
941 2192 962 2220 6
985 2200 1108 2220 aureus
1124 2190 1181 2220 BA
1198 2194 1235 2220 ut
1250 2190 1313 2222 vid.
1330 2190 1411 2231 (-eis
1427 2192 1505 2232 ΡΩ)
1522 2205 1529 2223 :

206 2234 317 2265 aureis
336 2234 385 2265 CA
516 2235 536 2264 8
562 2233 751 2273 populisuis
769 2233 819 2264 CA
906 2234 1032 2264 orbiu!
1045 2233 1108 2264 vid.
1130 2233 1180 2264 CA
1313 2245 1335 2274 9
1359 2235 1529 2266 dominum

206 2277 255 2308 CA
472 2277 554 2308 VIII
579 2277 652 2308 hah.
679 2277 737 2307 TR
944 2277 993 2307 IX
1017 2287 1036 2307 2
1061 2287 1124 2307 nec
1143 2287 1183 2308 m.
1203 2277 1252 2308 CA
1453 2279 1486 2309 X
1512 2289 1526 2309 1

204 2322 305 2351 intrat
324 2321 371 2351 CA
391 2321 479 2361 (cum
497 2319 541 2351 Li
669 2331 690 2360 3
714 2319 876 2359 relinquis
892 2331 967 2350 cum
984 2331 1053 2350 var.
1074 2321 1139 2351 lect.
1157 2320 1329 2360 relinquas
1346 2325 1383 2351 ut
1397 2321 1459 2353 vid.
1480 2322 1530 2353 CA

203 2374 221 2403 5
245 2365 321 2403 quis
337 2364 410 2394 BA:
435 2364 489 2403 qui
509 2364 556 2395 CA
632 2364 792 2403 respicies
809 2363 857 2394 CA
957 2365 978 2394 6
1001 2368 1126 2403 quantu
1147 2363 1194 2394 CA
1267 2364 1339 2403 ipsa
1357 2364 1407 2395 CA
1510 2376 1526 2404 7

204 2417 323 2438 recusa
337 2407 385 2438 CA
505 2408 524 2437 8
548 2412 581 2438 et
598 2407 650 2436 ΒΑ
669 2418 676 2437 z
699 2413 751 2437 set
770 2407 802 2447 (i.
820 2417 842 2437 e.
861 2408 934 2445 sed)
955 2406 1004 2437 CA
1074 2406 1122 2438 ire
1138 2406 1191 2436 BA
1207 2419 1214 2438 :
1238 2408 1302 2438 iste
1321 2407 1368 2438 CA
1386 2408 1467 2449 (isse
1486 2408 1527 2450 C)

203 2462 224 2490 9
248 2455 351 2483 tostas
371 2451 418 2482 CA
553 2461 591 2481 12
616 2451 727 2482 dimisi
746 2451 791 2482 CA
880 2455 993 2481 vestra
1009 2450 1122 2491 togas]
1141 2455 1307 2482 uestratos
1326 2451 1374 2482 CA
