1684 2715
242 137 296 173 M.
330 136 451 173 VAL.
487 136 799 174 MARTIALIS

647 241 830 278 XLVIII

187 310 367 348 Rictibus
398 310 458 348 his
488 318 618 348 tauros
649 323 729 348 non
760 310 936 360 eripuere
966 310 1149 361 magistri,

239 389 308 426 per
336 388 436 425 quos
466 376 611 425 praeda
639 376 754 425 fugax
783 375 891 425 itque
921 375 1100 425 reditque
1128 377 1239 425 lepus
1254 390 1264 423 3

186 441 375 490 quodque
405 440 527 490 magis
558 439 711 487 mirum,
743 440 915 479 velocior
944 441 1022 479 exit
1050 441 1102 479 ab
1132 442 1245 479 hoste

240 519 313 543 nec
343 505 438 543 nihil
468 519 491 544 a
520 513 628 543 tanta
657 505 862 544 nobilitate
891 507 1015 544 refert.

185 570 303 609 tutior
333 570 371 608 in
402 572 485 609 sola
514 584 594 609 non
625 578 682 609 est
712 584 802 609 cum
833 571 949 609 currit
980 572 1135 618 harena,

239 649 312 674 nec
342 649 460 674 cavea
489 644 596 674 tanta
626 635 809 674 conditur
837 635 901 674 ille
931 637 1019 674 fide.

185 700 222 739 Si
254 700 373 739 vitare
402 714 545 739 canum
576 714 740 747 morsus,
771 702 882 750 lepus
912 700 1089 750 inprobe,
1121 700 1286 750 quaeris,

237 767 286 804 ad
318 779 419 816 quae
449 765 650 815 confugias
681 779 747 804 ora
776 765 901 804 leonis
931 766 1063 804 habes.

668 866 804 903 XLIX

185 936 254 973 Vir
283 936 490 975 Celtiberis
522 950 601 974 non
632 937 800 974 tacende
829 935 1012 985 gentibus

239 1009 473 1050 nostraeque
503 1002 586 1038 laus
618 1000 849 1050 Hispaniae,

184 1065 336 1104 videbis
364 1067 495 1112 altam,
528 1065 742 1112 Liciniane,
776 1064 947 1112 Bilbilin,

237 1130 348 1180 equis
378 1139 415 1168 et
444 1130 561 1168 armis
591 1129 777 1176 nobilem,

184 1209 400 1244 senemque
431 1195 572 1234 Caium
604 1194 770 1242 nivibus,
802 1202 840 1233 et
870 1194 1000 1232 fractis
1030 1208 1182 1233 sacrum

238 1262 541 1299 Vadaveronem
573 1260 786 1306 montibus,

185 1339 221 1368 ct
252 1330 408 1369 delicati
439 1332 555 1369 dulce
587 1330 746 1369 Boterdi
778 1344 928 1376 nemus,

239 1398 418 1434 Pomona
448 1397 556 1445 quod
587 1395 675 1433 felix
704 1404 820 1433 amat.

184 1461 304 1511 tepidi
335 1461 488 1499 natabis
519 1462 606 1499 lene
636 1460 816 1510 Congedi
846 1461 989 1498 vadum

238 1527 456 1575 mollesque
487 1527 760 1575 Nympharum
792 1527 910 1571 lacus,
1477 1541 1515 1562 10

184 1590 326 1641 quibus
357 1590 561 1629 remissum
593 1604 735 1640 corpus
763 1590 982 1639 adstringes
1011 1589 1118 1627 brevi

239 1654 391 1699 Salone,
424 1653 490 1702 qui
522 1654 664 1691 ferrum
694 1654 806 1703 gelat.

184 1717 394 1767 praestabit
424 1717 501 1756 illic
532 1717 614 1767 ipsa
644 1718 819 1766 figendas
849 1729 971 1766 prope

238 1784 421 1821 Voberca
450 1782 657 1832 prandenti
689 1784 797 1820 seras.

183 1856 313 1886 aestus
343 1861 501 1886 serenos
530 1860 649 1885 aureo
679 1848 830 1897 franges
860 1848 972 1896 Tago
1476 1864 1512 1893 15

237 1914 427 1951 obscurus
457 1912 605 1950 umbris
634 1912 842 1959 arborum3

183 1978 338 2015 avidam
370 1977 496 2026 rigens
529 1980 738 2015 Dercenna
768 1975 938 2026 placabit
969 1975 1070 2013 sitim

241 2051 278 2080 et
309 2044 456 2089 Nutha,
488 2056 589 2092 quae
617 2042 739 2080 vincit
768 2041 886 2080 nives.

229 2145 372 2175 XLVIII
399 2146 472 2176 lmb.
493 2145 522 2175 T
605 2156 624 2184 3
650 2144 853 2176 uelociterL
942 2157 961 2182 4
986 2145 1096 2174 eAA:
1121 2155 1140 2174 a
1157 2144 1264 2175 BACA
1352 2145 1372 2174 6
1396 2151 1513 2175 caueat

190 2189 235 2218 T:
260 2199 387 2218 caueae
405 2189 459 2219 ΒΑ
478 2192 567 2227 (mm
585 2189 629 2228 E)
752 2199 768 2227 7
794 2198 925 2218 morsus
942 2188 1054 2218 AACA
1072 2200 1078 2218 ;
1102 2198 1246 2218 morsum
1264 2187 1318 2217 BA

228 2232 343 2262 XLIX
369 2242 387 2270 5
411 2233 628 2272 sterilemque
646 2231 700 2261 BA
716 2244 722 2262 2
745 2242 928 2271 senemque
948 2231 996 2262 CA
1085 2232 1201 2262 Caium
1219 2230 1311 2262 Voss.
1327 2230 1374 2261 ad
1387 2229 1511 2261 Melam

185 2276 230 2307 iii.
254 2286 263 2305 1
281 2287 287 2307 ε
322 2276 450 2305 Caluum
470 2275 524 2305 BA
544 2276 569 2316 (l
583 2281 643 2315 pro
655 2276 685 2313 j‘)
702 2287 709 2305 ι
740 2280 847 2305 catum
868 2275 917 2306 CA
935 2275 976 2314 gT
988 2280 1050 2315 pro
1067 2275 1096 2312 I)
1190 2279 1223 2305 et
1239 2274 1353 2304 fractis
1370 2274 1512 2305 Iunius:

184 2319 329 2349 effractis
352 2319 439 2349 codd.
576 2329 592 2358 7
618 2318 718 2349 boleti
743 2318 791 2348 CA
922 2329 942 2357 9
964 2329 1031 2357 sqq.
1060 2329 1132 2348 nov.
1157 2318 1255 2357 eptgrr.
1286 2328 1319 2347 m
1349 2317 1441 2348 codd.
1465 2328 1512 2348 AD

186 2372 293 2392 LINVM
314 2366 350 2397 ‘m
369 2374 375 2392 ι
404 2373 482 2392 corr.
500 2363 575 2394 Ital.
707 2372 728 2400 9
752 2362 865 2400 tepida
885 2362 933 2391 CA
1025 2362 1191 2400 congendi
1207 2361 1261 2390 BA
1395 2371 1428 2391 11
1455 2363 1513 2391 ad-

184 2406 331 2444 stringas
349 2405 398 2435 CA
454 2406 557 2436 breue
574 2405 630 2434 BA
723 2415 759 2442 14
784 2405 937 2435 Voberca
951 2403 994 2444 (L
1013 2409 1050 2434 ut
1065 2405 1142 2445 vid.)
1160 2404 1210 2435 vel
1224 2403 1368 2435 Vobisca
1386 2403 1511 2444 OEQF)

184 2449 237 2478 ΒΑ
258 2449 336 2489 <-bis
363 2454 424 2488 pro
436 2448 470 2483 b,
491 2450 508 2480 ι’.
522 2461 546 2480 e.
565 2450 660 2487 besl)
677 2459 684 2478 ε
707 2449 859 2479 Voberca
877 2448 947 2478 CA:
969 2448 1122 2478 Vobesca
1138 2448 1212 2478 Ital.
1337 2457 1374 2486 17
1399 2448 1512 2486 rigens

184 2491 261 2523 BA:
290 2502 409 2523 recens
429 2492 476 2521 CA
564 2492 713 2522 derceita
733 2492 782 2523 CA
915 2493 954 2523 18
978 2492 1081 2522 nutha
1096 2491 1170 2522 BA:
1200 2501 1356 2531 nymeam
1377 2490 1426 2522 CA
