1684 2763
183 169 238 204 M.
271 167 392 204 VAL.
426 167 737 204 MARTIALIS

651 280 825 316 LXXIV

186 349 323 388 Medio
353 345 544 388 recumbit
574 349 674 387 imus
704 349 767 387 ille
797 349 863 398 qui
893 350 1004 395 lecto,

183 416 332 452 calvam
363 414 515 452 trifilem
546 414 747 452 semitatus
778 422 991 463 unguento,

183 479 360 529 foditque
390 480 512 517 tonsis
543 493 610 518 ora
638 481 724 517 laxa
752 479 935 529 lentiscis,

185 545 379 592 mentitur,
412 546 630 582 Aefulane:
669 558 749 582 non
778 545 898 582 habet
927 545 1076 581 dentes

664 649 814 685 LXXV

186 722 287 758 (jum
320 719 439 756 mittis
468 719 676 756 turdumve
705 717 800 755 mihi
830 718 1068 766 quadramve
1098 718 1309 766 placentae,

238 785 318 822 sive
349 785 473 822 femur
502 783 644 833 leporis
674 783 754 820 sive
784 782 879 831 quid
909 781 968 820 his
1003 781 1128 820 simile
1157 790 1224 827 est,

188 850 382 887 buccellas
413 848 563 886 misisse
593 856 678 886 tuas
709 856 757 894 te,
790 847 940 892 Pontia,
972 846 1081 885 dicis.

242 916 326 951 Has
356 927 428 963 ego
458 926 537 951 non
568 912 730 959 mittam,
764 912 915 958 Pontia,
947 913 1017 950 sed
1047 925 1119 950 nec
1149 913 1273 950 edam.

660 1018 831 1054 LXXVI

191 1091 259 1127 Ille
289 1088 385 1126 sacri
415 1087 542 1125 lateris
572 1095 703 1125 custos
734 1087 951 1136 Martisque
980 1086 1110 1135 togati,

241 1154 387 1191 credita
416 1152 478 1190 cui
508 1151 651 1190 summi
680 1160 803 1190 castra
833 1153 938 1190 fuere
967 1151 1089 1196 ducis,

188 1218 250 1255 hic
280 1217 375 1255 situs
405 1225 463 1255 est
494 1219 652 1254 Fuscus.
713 1216 823 1254 Licet
852 1217 937 1262 hoc,
972 1218 1153 1261 Fortuna,
1187 1216 1317 1253 fateri:

242 1296 321 1320 nou
352 1282 461 1319 timet
491 1281 641 1319 hostilis
671 1280 747 1318 iam
777 1281 874 1330 lapis
904 1281 975 1318 iste
1005 1280 1153 1327 minas3

188 1348 333 1394 grande
363 1347 495 1396 iugum
526 1345 675 1383 domita
707 1348 839 1383 Dacus
868 1345 1018 1383 cervice
1048 1345 1191 1394 recepit
1496 1362 1513 1392 5

243 1420 279 1450 et
309 1413 497 1449 famulum
528 1410 662 1448 victrix
692 1410 866 1459 possidet
895 1410 1033 1447 umbra
1063 1423 1210 1447 nemus.

657 1515 854 1552 LXXVII

190 1589 291 1624 (Tum
322 1586 372 1624 sis
403 1594 480 1623 tam
512 1599 659 1634 pauper
688 1598 805 1634 quam
836 1597 908 1622 nec
938 1582 1166 1621 miserabilis·
1200 1584 1293 1627 Iros,

243 1660 321 1689 tam
353 1651 501 1688 iuvenis
532 1663 649 1699 quam
680 1663 752 1687 nec
784 1649 1101 1697 Parthenopaeus
1132 1656 1221 1689 erat,

191 1725 268 1753 tam
300 1715 406 1753 fortis
436 1729 553 1764 quam
584 1728 656 1752 nec
686 1727 775 1751 cum
805 1713 976 1751 vinceret
1005 1712 1285 1753 Artemidorus,

244 1780 340 1829 quid
370 1788 406 1817 te
438 1780 722 1828 Cappadocum
753 1792 818 1815 sex
847 1791 946 1814 onus
976 1790 1061 1814 esse
1091 1776 1226 1813 iuvat?

191 1844 325 1883 rideris
356 1846 559 1892 multoque
589 1842 710 1892 magis
740 1841 963 1887 traduceris,
995 1843 1101 1879 Afer.
1500 1854 1517 1885 5

245 1922 363 1958 quam
393 1909 523 1945 nudus
553 1906 685 1945 medio
715 1906 746 1943 si
776 1905 940 1955 spatiere
970 1906 1063 1944 foro.

193 1988 272 2011 nori
302 1973 411 2011 aliter
441 1979 678 2010 monstratur
706 1972 844 2008 Atlans
875 1984 965 2007 cum
995 1983 1178 2019 compare
1207 1969 1327 2018 ginno
1358 1988 1372 1993 -

245 2051 425 2087 quaeque
455 2036 560 2074 vehit
589 2036 755 2074 similem
785 2036 900 2073 belua
929 2035 1036 2084 nigra
1066 2034 1201 2083 Libyn.

240 2140 385 2170 LXXIV
414 2150 427 2169 1
456 2139 541 2169 imus
557 2139 616 2175 (Li
636 2139 684 2168 vel
700 2148 785 2168 unus
804 2138 944 2178 (PQFf)
964 2137 1017 2167 ΒΑ
1164 2148 1182 2166 2
1207 2136 1356 2176 trifilem]
1376 2135 1517 2166 similem

194 2185 246 2214 ΒΑ
336 2183 531 2213 semitectus
548 2182 719 2212 Buecheler
848 2192 867 2220 3
892 2181 1043 2220 fuditque
1060 2180 1112 2210 ΒΑ

240 2227 367 2257 LXXV
391 2226 462 2256 hab.
487 2225 515 2255 T
580 2235 592 2254 1
620 2226 799 2255 turdumue
815 2224 952 2254 ΑΑΒΑε
975 2225 1176 2262 turdumque
1195 2223 1241 2251 ζἌ
1368 2232 1387 2251 2
1411 2221 1518 2252 simile

196 2276 247 2301 est
264 2270 322 2299 ΑΑ
338 2281 344 2300 z
370 2269 477 2299 simile
493 2268 599 2298 ΒΑΕΑ
688 2280 706 2306 4
732 2279 798 2297 non
817 2278 856 2298 m.
878 2268 936 2307 (E)
954 2267 1005 2297 vel
1018 2277 1080 2296 nec
1098 2277 1138 2296 m.
1160 2266 1223 2306 {As
1245 2265 1294 2294 CA

240 2313 382 2343 LXXVI
408 2312 480 2342 hah.
503 2312 532 2342 T
617 2322 635 2340 2
659 2312 787 2341 credite
805 2311 852 2340 CA

241 2356 401 2386 LXXVII
428 2366 476 2385 vv.
504 2356 565 2384 1-6
587 2355 659 2384 hah.
688 2354 717 2384 T
823 2364 835 2383 1
864 2364 927 2384 nec
944 2363 1008 2383 om.
1034 2352 1064 2382 T
1132 2352 1232 2382 heros
1255 2351 1284 2381 T
1388 2361 1407 2388 3
1432 2356 1518 2380 arte-

195 2401 304 2429 midos
321 2399 369 2429 CA
459 2409 477 2436 4
503 2408 568 2428 Onu
585 2397 639 2427 ΒΑ
727 2407 746 2436 5
770 2407 852 2436 aper
868 2396 921 2426 BA
1011 2406 1027 2434 7
1053 2394 1157 2434 ginno
1176 2394 1308 2425 Scrszrer.
1330 2406 1336 2425 z
1360 2394 1449 2424 mulo
1466 2393 1517 2423 ΒΑ

195 2444 305 2483 [gloss.
324 2447 360 2472 ut
373 2441 470 2482 vz'tl.):
497 2441 608 2480 gybbo
624 2440 699 2480 (gi-J
721 2440 768 2471 CA
