1684 2763
771 154 1237 193 EPIGRAMMATON
1272 155 1322 192 LI
1332 156 1372 192 Β.
1410 156 1461 191 IX

587 265 805 302 LXXVIII

141 346 293 383 Funera
322 352 409 394 post
439 352 589 395 septem
620 344 751 395 nupsit
782 345 851 383 tibi
883 347 995 384 Galla
1024 346 1206 393 virorum,

195 409 419 448 Picentine:
459 410 569 460 sequi
599 412 690 458 vult,
722 418 829 460 puto,
862 412 975 449 Galla
1004 410 1115 450 viros.

609 521 783 558 LXXIX

140 601 287 640 Oderat
316 609 406 639 ante
436 602 583 640 dueum
613 602 780 639 famulos
810 602 1045 651 turbamque
1075 602 1242 652 priorem

193 674 231 704 et
260 666 481 705 Palatinum
514 668 643 705 Roma
672 666 949 717 supercilium:

139 738 177 769 at
208 745 312 770 nunc
343 739 473 770 tantus
503 744 613 769 amor
642 731 807 780 cunctis,
837 734 1024 781 Auguste,
1057 740 1213 771 tuorum
1244 742 1301 771 cst

195 804 236 834 ut
265 795 313 834 sit
344 796 485 846 cuique
515 809 608 834 suae
638 810 730 834 cura
759 798 934 835 secunda
963 798 1116 835 domus.

140 868 219 899 tani
249 860 427 911 placidae
458 868 620 908 mentes,
652 868 759 899 tanta
788 868 845 899 est
875 862 1089 900 reverentia
1119 862 1249 909 nostri,
1453 880 1469 908 ,ς

194 933 273 963 tam
303 932 441 975 pacata
470 925 592 975 quies,
624 933 753 963 tantus
783 926 821 964 in
852 940 918 965 ore
946 928 1084 977 pudor.

142 1004 258 1029 nemo
289 992 534 1029 suos——haec
565 998 622 1028 est
651 992 763 1029 aulae
794 999 931 1029 natura
960 991 1197 1041 pote1itis——‚

194 1057 264 1094 secl
294 1054 444 1093 domini
476 1068 603 1093 mores
634 1055 891 1094 Caesarianus
922 1057 1050 1095 habet.

624 1165 774 1202 LXXX

146 1247 316 1283 Duxerat
347 1245 519 1284 esuriens
549 1247 786 1296 locupletem
817 1260 963 1297 pauper
992 1260 1218 1297 anumque:

196 1323 355 1349 uxorem
387 1311 509 1360 pascit
540 1311 689 1350 Gellius
720 1319 757 1350 et
787 1311 912 1350 futuit.

618 1422 791 1459 LXXXI

146 1503 288 1540 Lector
317 1510 354 1540 et
383 1502 538 1540 auditor
567 1510 720 1541 nostros
751 1504 900 1553 probat,
933 1505 1044 1550 Aule,
1077 1503 1241 1548 libellos,

199 1567 268 1605 sed
299 1566 459 1616 quidam
491 1575 647 1606 exactos
677 1581 762 1606 esse
792 1575 908 1617 poeta
938 1576 1062 1618 negat.

145 1644 225 1669 non
255 1630 420 1669 nimium
450 1644 567 1670 curo:
607 1645 697 1669 nam
728 1645 848 1670 cenae
877 1634 1022 1671 fercula
1050 1640 1205 1671 nostrae

200 1696 332 1734 malim
362 1696 535 1734 convivis
565 1709 683 1746 quam
713 1696 905 1746 placuisse
935 1697 1050 1736 cocis.

604 1807 799 1844 LXXXII

149 1887 308 1926 Dixerat
335 1889 552 1937 astrologus
581 1887 794 1937 periturum
825 1895 862 1926 te
890 1887 980 1934 cito,
1014 1889 1178 1934 Munna,

202 1965 286 1999 nec,
318 1960 425 2002 put0,
457 1952 643 1990 mentitus
673 1951 821 1990 dixerat
851 1951 914 1990 ille
943 1951 1024 1990 tibi.

150 2030 240 2055 nam
270 2024 311 2055 tu
341 2018 437 2055 dum
468 2016 608 2054 metuis
638 2030 688 2055 ne
718 2017 813 2066 quid
843 2024 931 2067 post
961 2018 1039 2055 fata
1068 2016 1275 2067 relinquas,

204 2082 365 2120 hausisti
393 2082 535 2132 patrias
564 2082 782 2121 luxuriosus
812 2095 907 2132 opes

196 2185 376 2216 LXXVIII
401 2185 473 2217 hab.
493 2185 526 2215 R
707 2195 720 2215 1
747 2196 780 2216 n.
797 2185 836 2226 t.]
861 2185 1007 2225 nupsisti
1027 2185 1128 2226 (-bs-)
1149 2185 1197 2215 CA
1214 2186 1295 2224 (pro
1312 2184 1425 2223 nupsit
1443 2182 1475 2221 tl,

152 2230 171 2260 i.
185 2240 208 2260 e.
229 2229 342 2268 nupsit
358 2229 430 2269 tibi)
564 2239 582 2259 2
607 2229 713 2259 uirum
731 2230 789 2259 ΑΛ
1041 2228 1190 2258 LXXIX
1211 2239 1260 2259 vv.
1281 2228 1429 2258 1-6l1ab.
1454 2227 1482 2257 T

155 2283 168 2302 1
195 2272 310 2310 Opera
326 2276 418 2302 tante
437 2272 485 2302 CA
552 2282 570 2302 2
597 2272 645 2312 et]
664 2276 765 2311 atque
782 2271 819 2302 N
898 2281 918 2309 3
944 2276 995 2301 est
1012 2282 1077 2303 om.
1100 2272 1148 2302 CA
1214 2272 1296 2310 sorz'.
1313 2276 1477 2301 tuorumst

152 2327 170 2353 4
195 2325 350 2354 quaeque
369 2315 417 2345 CA
504 2316 525 2345 6
548 2326 680 2355 pagana
698 2315 747 2346 CA
901 2315 1049 2345 LXXXI
1073 2315 1147 2345 hab.
1171 2314 1200 2344 T
1287 2324 1299 2344 1
1326 2324 1407 2345 aure
1426 2314 1478 2344 B*

153 2369 172 2397 3
197 2368 353 2389 coronam
377 2358 406 2388 T
546 2370 564 2396 4
590 2359 701 2390 malim
717 2358 844 2388 AACA:
868 2358 1000 2389 mallem
1017 2358 1093 2389 BA:
1119 2358 1205 2388 malo
1222 2357 1294 2388 DN

198 2401 365 2432 LXXXII
390 2401 462 2432 hab.
490 2402 520 2433 T
607 2413 620 2432 1
648 2403 799 2442 perituru
823 2401 852 2433 T
928 2411 1086 2432 munnam
1111 2401 1140 2432 T
1223 2412 1241 2438 4
1267 2401 1384 2432 ausisti
1401 2400 1455 2429 ΒΑ
