1684 2763
511 154 569 192 IN
578 155 692 193 DEX
731 156 989 196 EPIGRAM
997 160 1199 199 MATON

244 261 458 295 Gemmatum
478 265 648 305 Scythicis
667 272 701 297 ut
719 267 830 298 luceat
847 269 980 307 ignibus
997 281 1112 302 aurum
1160 273 1252 311 XIV,
1276 285 1344 314 109.

244 306 411 338 Gentibus
429 309 462 338 in
483 309 620 349 Libycis
637 316 804 351 uxortua,
827 312 932 345 Galla.
954 315 1039 344 male
1057 316 1151 346 audit
1198 316 1242 356 II,
1261 319 1311 356 56.

245 349 374 388 Genus,
393 351 515 391 Aucte‚
533 352 615 383 lucri
636 354 758 385 divites
776 355 901 386 habent
916 357 998 387 iram
1045 358 1125 394 XII,
1148 369 1194 398 13.

245 393 379 424 Gestari
396 395 520 426 iunctis
538 397 601 427 nisi
620 397 758 436 desinis,
780 398 932 438 Hedyle,
951 403 1061 439 capris
1108 402 1165 441 IV,
1185 414 1236 442 52.

243 436 394 468 Gestavit
413 440 513 469 modo
530 440 640 471 fronte
658 451 710 471 me
728 442 889 474 iuvencus
935 444 1028 482 XIV,
1046 455 1098 484 52.

244 480 361 511 Gloria
383 486 448 512 tam
467 484 560 521 parvi
579 494 647 514 non
666 490 717 515 est
734 486 877 517 obscura
894 487 995 526 sigilli
1042 488 1133 524 XIV,
1157 499 1225 529 171.

242 523 371 555 Gnosia
391 525 526 557 Minoae
546 529 664 566 genuit
682 530 850 560 vindemia
867 530 991 562 Cretae
1037 532 1134 569 XIII,
1157 536 1226 565 106.

241 566 394 599 Grandia
413 580 456 599 ne
472 570 559 600 viola
576 582 681 610 parvo
700 573 925 613 chrysendeta
944 575 1047 605 mullo
1093 576 1186 615 XIV,
1204 589 1256 616 97.

243 610 392 642 Grandia
409 617 581 644 taurorum
599 620 736 654 portant
752 617 807 655 qui
826 628 982 657 corpora,
1002 621 1134 658 quaeris
1180 621 1274 661 XIV,
1292 632 1343 662 91.

243 653 356 685 Gratis
373 657 429 694 qui
448 658 528 688 dare
546 669 606 688 vos
622 659 723 698 iubet,
744 661 877 699 puellae
925 662 1002 694 XII.
1022 673 1074 702 55.

243 698 382 729 Gratum
400 702 555 739 estquod
574 702 685 733 Celeri
702 709 836 734 nostros
853 705 947 743 legis,
966 706 1085 744 Aucto,
1104 707 1236 738 libellos
1283 710 1357 741 VII,
1380 723 1416 749 5„

242 742 383 773 Gratum
401 754 521 775 munus
538 746 600 776 erit
616 747 722 777 scisso
740 757 802 778 nec
820 748 937 778 inutile
956 751 1067 780 ventri
1114 751 1206 789 XIV,
1222 754 1273 783 60.

242 785 367 817 Gratus
385 787 433 818 sic
452 788 521 826 tibi,
541 789 656 827 Paule,
673 791 716 820 sit
736 791 925 822 December
970 793 1046 831 VII,
1066 804 1117 832 72.

243 870 379 900 Habere
396 871 534 902 amicam
553 872 641 907 nolo,
662 872 794 911 Flacce,
810 874 966 905 subtilem
1012 875 1074 909 XI.
1097 887 1169 909 100.

242 913 356 944 Habet
374 914 557 946 Africanus
573 916 718 955 miliens,
739 922 851 947 tamen
868 924 980 957 captat
1026 920 1105 958 XII,
1124 931 1173 953 10.

244 957 318 987 Hac
336 958 412 988 licet
431 959 463 988 in
483 969 625 997 gemma,
643 965 754 990 servat
771 971 857 999 quae
874 963 1011 992 nomina
1029 963 1143 995 Cosmi
1190 965 1281 1005 XIV,
1304 977 1375 998 110.

244 1001 318 1031 Hac
334 1002 413 1031 mihi
432 1002 481 1032 bis
498 1013 583 1033 seno
598 1009 795 1034 numeratur
811 1010 940 1036 tessera
959 1012 1085 1045 puncto
1131 1009 1221 1046 XIV,
1244 1019 1292 1048 17.

244 1044 319 1075 Hac
335 1047 477 1084 primum
497 1047 655 1076 iuvenum
671 1047 816 1078 lascivos
832 1049 910 1079 lusit
927 1060 1061 1080 amores
1108 1052 1201 1090 XIV,
1222 1054 1291 1092 187.

244 1088 338 1118 Haec
357 1089 399 1119 de
416 1089 546 1120 vitifera
561 1090 698 1120 venisse
715 1091 826 1130 picata
842 1092 976 1122 Vienna
1023 1094 1121 1132 XIII,
1142 1106 1211 1134 107.

243 1131 338 1162 Haec
359 1137 410 1162 est
428 1133 483 1163 illa
501 1134 584 1171 dies,
603 1135 715 1173 magni
733 1145 820 1173 quae
838 1137 975 1166 conscia
993 1142 1108 1176 partus
1153 1139 1228 1176 VII,
1249 1150 1299 1171 21.

243 1174 338 1206 Haec
355 1180 407 1206 est
423 1177 479 1206 illa
497 1177 579 1207 meis
596 1178 735 1207 multum
754 1183 889 1209 cantata
906 1179 1027 1210 libellis
1075 1181 1136 1215 IX,
1154 1193 1205 1221 49,

243 1219 340 1249 Haec
359 1225 411 1250 est
429 1220 483 1250 illa
500 1220 558 1250 tibi
577 1221 741 1259 promissa
757 1221 958 1262 Theophila,
978 1224 1061 1254 Cani
1109 1226 1185 1263 VII,
1205 1228 1256 1266 69.

242 1262 339 1293 Haec
356 1263 519 1294 Fundana
535 1265 613 1294 tulit
631 1264 713 1294 felix
730 1270 911 1296 autumnus
929 1267 1043 1306 Opimi
1086 1269 1183 1303 ΧΙΙΙ,
1208 1281 1218 1299 1
1230 1280 1277 1310 13.

243 1306 339 1337 Haec
358 1307 402 1337 illi
421 1307 495 1337 sine
512 1313 603 1338 sorte
620 1309 729 1345 datur,
748 1309 801 1339 cui
819 1310 953 1340 nomina
972 1311 1115 1343 Rhenus
1161 1313 1254 1352 XIV,
1275 1325 1346 1354 170.

243 1350 339 1381 Haec
356 1351 437 1381 mihi
454 1362 540 1390 quae
559 1352 679 1381 colitur
694 1352 789 1382 violis
806 1353 939 1392 pictura
957 1355 1109 1394 rosisque
1156 1357 1199 1395 X,
1216 1367 1269 1395 32.

243 1393 340 1425 Haec
357 1404 443 1433 quae
461 1395 583 1425 difficili
601 1400 713 1434 turget
728 1397 891 1435 paganica
908 1397 1022 1436 pluma
1069 1399 1162 1433 XIV,
1180 1411 1232 1439 45.

242 1437 338 1468 Haec
355 1448 442 1476 quae
461 1438 596 1469 Picenis
611 1440 703 1470 venit
722 1440 885 1470 subducta
901 1442 1043 1480 trapetis
1091 1443 1189 1482 XIII,
1207 1447 1258 1483 36.

242 1481 338 1512 Haec
354 1492 441 1520 quae
458 1483 596 1521 pulvere
614 1483 774 1522 dissipata
792 1484 896 1514 multo
942 1484 968 1524 1,
985 1486 1036 1516 82.

242 1525 338 1556 Haec
352 1535 438 1564 quae
453 1536 557 1565 saepe
573 1526 656 1557 solet
673 1526 773 1565 vinci,
791 1537 876 1566 quae
893 1529 1030 1559 vincere
1048 1540 1122 1561 raro
1169 1531 1259 1569 XIV,
1282 1542 1354 1571 213.

242 1568 338 1599 Haec
357 1580 443 1608 quae
460 1574 530 1600 tota
547 1570 627 1600 latet
645 1571 835 1610 tegiturque
852 1576 885 1602 et
905 1582 1072 1604 marmore
1090 1579 1123 1604 et
1140 1585 1223 1605 auro
1271 1575 1332 1615 IX,
1354 1589 1404 1609 20.

243 1612 338 1643 Haec
355 1613 442 1651 rapit
459 1613 581 1643 Antaei
598 1614 697 1644 velox
715 1614 747 1643 in
766 1615 906 1654 pulvere
923 1616 1068 1647 draucus
1113 1618 1209 1657 XIV,
1225 1620 1277 1658 48.

243 1656 338 1686 Haec
356 1658 503 1687 servavit
521 1657 594 1687 avis
609 1657 754 1696 Tarpeia
770 1659 894 1698 templa
909 1659 1077 1691 Tonantis
1122 1661 1217 1701 XIII,
1240 1673 1290 1702 74.

242 1699 339 1730 Haec
356 1704 435 1730 sunt
452 1701 507 1730 illa
525 1701 590 1730 mei
607 1711 694 1740 quae
710 1701 848 1732 cernitis
864 1713 923 1733 ora
939 1703 1082 1735 Camoni
1129 1705 1190 1743 IX,
1209 1708 1261 1744 76.

242 1742 339 1774 Haec
356 1744 414 1774 tibi
433 1744 571 1774 brumali
588 1745 771 1783 gaudentia
788 1745 913 1785 frigore
932 1757 1012 1786 rapa
1058 1747 1155 1782 XIII,
1178 1751 1226 1780 16.

241 1787 338 1817 Haec
354 1788 412 1818 tibi
430 1793 529 1818 erunt
544 1793 671 1819 armata
687 1799 750 1818 suo
766 1790 958 1828 graphiaria
975 1791 1065 1821 ferro
1109 1792 1203 1831 XIV,
1223 1804 1273 1824 21.

241 1830 338 1861 Haec
357 1831 415 1861 tibi
435 1831 632 1870 Memphitis
648 1832 748 1862 tellus
766 1833 821 1863 dat
840 1844 998 1864 munera:
1023 1835 1110 1865 victa
1127 1842 1180 1867 est
1225 1837 1319 1874 XIV,
1340 1848 1410 1877 150.

241 1874 338 1905 Haec
355 1876 415 1905 tibi
436 1875 610 1914 multiplici
627 1886 714 1914 quae
731 1882 860 1907 structa
878 1882 928 1907 est
947 1888 1055 1908 massa
1073 1880 1195 1910 tabella
1241 1881 1334 1919 XIV,
1358 1892 1429 1921 192.

242 1918 338 1948 Haec
355 1919 422 1955 tibi,
444 1930 510 1949 non
530 1919 604 1956 alia,
623 1924 674 1949 est
689 1920 729 1949 ad
747 1930 865 1951 cenam
883 1931 984 1952 causa
999 1924 1144 1953 vocandi
1192 1924 1253 1962 III,
1272 1935 1324 1964 50.

243 1961 340 1992 Haec
357 1963 414 1992 tibi
433 1973 495 2001 pro
511 1968 591 1993 nato
609 1963 709 2002 plena
727 1965 783 1994 dat
799 1964 909 1995 laetus
927 1976 1044 1996 acerra
1092 1966 1149 2005 IV,
1169 1979 1221 2007 45.

243 2005 339 2036 Haec
359 2006 415 2036 tibi
435 2017 522 2046 quae
538 2007 651 2036 fontes
667 2012 700 2037 et
716 2018 877 2046 aquarum
896 2010 1035 2040 nomina
1051 2011 1130 2041 dicit
1177 2012 1270 2049 XIV,
1291 2015 1360 2052 196.

242 2049 338 2080 Haec
354 2051 414 2080 tibi
430 2061 517 2089 quae
533 2055 623 2080 torta
637 2057 805 2082 venerunt
821 2053 957 2083 condita
974 2058 1062 2084 meta
1107 2054 1205 2090 XIII,
1224 2056 1276 2088 28.

242 2092 339 2123 Haec
357 2094 414 2123 tibi
431 2098 522 2124 sorte
539 2095 638 2124 datur
655 2096 828 2133 tergendis
843 2097 988 2135 spongia
1005 2099 1132 2128 mensis
1177 2098 1270 2138 XIV,
1291 2110 1362 2139 144.

243 2136 339 2167 Haec
356 2138 414 2168 tibi
432 2138 568 2168 turbato
586 2138 758 2169 Canusina
773 2140 940 2170 simillima
958 2141 1068 2171 mulso
1113 2141 1206 2181 XIV,
1227 2153 1296 2182 127.

242 2180 400 2211 Haedina
417 2181 474 2211 tibi
492 2182 580 2221 pelle
596 2184 792 2221 contegenti
838 2183 917 2219 XII,
933 2194 983 2223 45.

243 2224 342 2254 Hanc
359 2225 417 2255 tibi
435 2225 587 2255 Cumano
605 2225 823 2256 rubicundam
842 2227 981 2266 pulvere
997 2233 1121 2259 testam
1168 2229 1261 2268 XIV,
1283 2241 1294 2260 1
1306 2241 1353 2269 14.

242 2267 342 2298 Hanc
360 2268 430 2303 tibi,
449 2268 575 2299 Fronto
592 2274 700 2308 pater,
720 2271 876 2308 genetrix
895 2271 1061 2309 Flaccilla,
1082 2273 1227 2312 puellam
1275 2275 1315 2311 V,
1334 2284 1388 2313 34,

243 2311 343 2341 Hanc
359 2311 416 2342 tibi
435 2312 645 2351 Sequanicae
661 2313 821 2352 pinguem
838 2315 991 2345 textricis
1006 2315 1176 2347 alumnam
1223 2316 1281 2355 IV,
1303 2327 1350 2356 19.

244 2354 344 2385 Hanc
359 2356 438 2386 volo
456 2366 542 2394 quae
558 2356 676 2393 facilis,
697 2367 782 2396 quae
800 2358 971 2396 palliolata
987 2364 1129 2398 vagatur
1174 2359 1235 2398 IX,
1254 2371 1306 2400 32.

244 2398 317 2429 Has
332 2409 406 2429 curn
424 2399 559 2437 gemina
573 2401 736 2438 compede
754 2401 886 2431 dedicat
904 2406 1041 2433 catenas
1088 2402 1147 2440 III,
1168 2413 1220 2442 29.

245 2441 354 2481 Have,
375 2443 419 2473 mi
436 2442 573 2481 Torani,
593 2443 697 2474 frater
713 2445 886 2475 carissime
935 2445 996 2485 IX,
1010 2446 1112 2488 praef.
