1684 2763
799 146 1269 186 EPIGRAMMATON
1303 149 1404 186 LIB.
1441 150 1455 186 I
1468 150 1481 185 I

143 262 181 294 et
212 255 313 294 belle
342 262 477 293 cantas
507 262 545 294 et
575 257 704 303 saltas,
737 256 879 304 Attice,
913 258 1029 305 belle,
1466 276 1481 307 5

198 321 324 359 bellus
353 335 394 360 es
423 328 506 360 arte
535 323 650 371 lyrae,
683 322 808 361 bellus
839 337 880 361 es
909 331 991 362 arte
1021 323 1136 374 pilae.

144 386 210 424 Nil
242 388 343 426 bene
373 401 463 425 cum
494 387 624 435 facias,
657 388 776 426 facias
807 396 939 428 tamen
970 389 1105 428 omnia
1135 390 1248 436 belle,

197 452 254 491 vis
283 452 414 491 dicam
445 454 541 504 quid
571 453 652 492 sis?
682 468 848 505 magnus
879 468 919 493 es
949 455 1113 494 ardalio.

649 538 756 575 VIII

143 606 183 646 Si
213 620 292 656 qua
320 606 561 645 videbuntur
590 607 734 646 chartis
765 607 846 655 tibi,
879 609 1011 655 lector,
1044 608 1085 646 in
1115 607 1198 647 istis

196 671 277 710 sive
307 672 475 710 obscura
505 672 621 710 nimis
652 672 732 711 sive
762 673 883 711 latina
912 687 1062 723 parum,

143 751 223 776 non
255 751 365 776 meus
396 745 454 776 est
483 751 613 776 error:
653 738 789 776 nocuit
818 738 996 776 librarius
1028 738 1101 776 illis

197 804 293 841 dum
323 810 506 853 properat
536 817 668 841 versus
698 805 958 842 adnumerare
989 803 1073 842 tibi.

143 869 252 918 quod
283 868 314 906 si
344 882 425 907 non
455 868 566 906 illum
597 870 667 907 sed
698 883 760 907 me
791 882 976 919 peccasse
1006 869 1178 919 putabis,
1464 884 1479 914 5

197 941 292 972 tunc
322 947 395 983 ego
425 941 463 972 te
492 935 651 972 credam
683 934 812 972 cordis
843 934 989 972 habere
1020 934 1130 971 nihil.

145 1001 250 1037 ‘Ista
280 1007 411 1037 tamen
443 1001 546 1037 mala
575 1001 689 1037 sunt.'
748 999 872 1048 Quasi
902 1013 975 1037 nos
1006 999 1214 1037 manifesta
1244 1003 1456 1049 negemus!

198 1067 297 1104 haec
327 1066 430 1103 mala
460 1071 562 1112 sunt,
595 1066 666 1103 sed
697 1072 738 1102 tu
770 1078 850 1103 non
881 1064 1044 1103 meliora
1075 1064 1180 1103 facis.

677 1148 736 1184 IX

145 1218 300 1269 Scripsi,
332 1218 528 1268 rescripsit
558 1218 611 1255 nil
643 1218 805 1264 Naevia,
838 1231 919 1256 non
950 1217 1060 1256 dabit
1090 1231 1194 1267 ergo.

198 1285 277 1324 Sed
306 1291 403 1334 puto
433 1285 543 1334 quod
573 1283 709 1334 scripsi
739 1285 907 1334 legerat:
947 1297 1039 1333 ergo
1068 1282 1190 1321 dabit.

684 1367 721 1403 X

147 1436 262 1475 Basia
291 1436 459 1476 dimidio
489 1438 598 1486 quod
629 1438 699 1475 das
731 1436 838 1483 mihi,
872 1438 1072 1482 Postume,
1105 1435 1225 1481 labro,

198 1503 341 1541 laudo:
381 1503 472 1540 licet
502 1503 640 1540 demas
671 1501 764 1539 hinc
794 1514 955 1551 quoque
985 1500 1207 1538 dimidium.

146 1567 201 1606 vis
231 1569 324 1606 dare
355 1567 480 1605 maius
510 1569 642 1606 adhuc
672 1574 710 1605 et
740 1566 999 1605 inenarrabile
1030 1567 1206 1603 munus?

197 1634 274 1671 hoc
303 1633 374 1671 tibi
404 1633 507 1671 habe
537 1640 676 1679 totum,
709 1634 908 1678 Postume,
940 1631 1163 1670 dimidium.

674 1716 733 1752 XI

145 1787 266 1835 Quod
297 1787 424 1825 fronte
455 1786 602 1825 Selium
634 1786 769 1824 nubila
798 1785 919 1832 vides,
953 1785 1067 1831 Rufe,

148 1850 257 1898 quod
288 1849 512 1887 ambulator
541 1849 737 1898 porticum
769 1848 856 1887 terit
886 1861 1022 1893 seram,

145 1914 308 1964 lugubre
338 1914 529 1964 quiddam
560 1915 669 1964 quod
699 1921 802 1952 tacet
832 1913 940 1964 piger
968 1914 1108 1957 voltus,

144 1980 252 2029 quod
283 1993 409 2029 paene
439 1987 580 2017 terram
611 1993 728 2017 nasus
758 1979 948 2017 indecens
979 1977 1112 2027 tangit,

145 2046 253 2094 quod
283 2046 419 2083 dextra
447 2053 585 2095 pectus
615 2046 744 2094 pulsat
773 2052 811 2083 et
842 2057 998 2082 comam
1028 2042 1157 2081 vellit:
1461 2058 1476 2086 ,ις

184 2143 249 2174 VII
275 2155 294 2183 5
317 2145 419 2174 attice
436 2143 573 2174 ΑΑΒΑε
597 2144 700 2174 attale
727 2143 775 2173 CA
931 2143 952 2172 6
977 2142 1086 2172 bellus
1105 2141 1217 2181 (-u's?)
1237 2152 1264 2171 a.
1285 2140 1303 2171 l.
1327 2140 1407 2171 (om.
1426 2140 1477 2173 es)

145 2187 195 2218 CA
212 2191 249 2217 ut
264 2188 330 2218 vid.
411 2188 441 2218 b.
466 2192 499 2217 et
523 2198 552 2217 a.
581 2198 613 2226 p.
638 2187 711 2219 BA:
737 2188 767 2218 b.
797 2196 833 2217 es
857 2197 885 2216 a.
913 2197 944 2226 p.
975 2186 1023 2215 CA
1164 2196 1180 2223 7
1206 2185 1309 2214 facias
1328 2189 1348 2214 t.
1371 2184 1479 2213 Fris:

143 2231 225 2262 facis
244 2236 263 2262 t.
281 2232 336 2261 ΒΑ
354 2231 451 2269 (sacis
468 2235 617 2261 attamen
637 2231 680 2270 Q)
701 2231 751 2261 CA
882 2232 902 2260 8
925 2230 981 2268 qui
999 2230 1081 2260 AA:
1108 2229 1188 2267 quid
1206 2228 1313 2258 ΒΔΑ-ΕΑ
1403 2226 1477 2256 har-

143 2275 232 2305 dalio
247 2274 303 2304 BA
321 2276 373 2315 (cx
389 2275 459 2305 ard.
479 2275 523 2310 L)
659 2274 742 2305 VIII
768 2274 840 2304 hab.
864 2273 897 2302 R
972 2284 985 2303 1
1012 2273 1082 2313 ch.]
1102 2272 1231 2311 phastis
1248 2271 1279 2300 R
1352 2280 1368 2308 7
1394 2280 1478 2308 quac

145 2318 171 2348 si
190 2329 277 2348 man.
295 2320 375 2353 (om.
391 2319 467 2353 nos)
485 2318 533 2348 CA
623 2328 786 2357 negamus
804 2317 836 2347 R
971 2317 1021 2346 IX
1045 2317 1118 2346 lmb.
1147 2315 1176 2345 T
1298 2314 1330 2343 X
1353 2313 1426 2343 lmh.
1453 2314 1484 2342 7·

144 2371 164 2400 3
189 2360 311 2401 maius]
328 2362 439 2392 minus
462 2362 492 2392 T
693 2361 741 2391 XI
767 2372 816 2391 vv.
842 2371 868 2395 ι,
890 2363 964 2398 4—6,
988 2371 1026 2390 10
1043 2360 1115 2390 lzal).
1142 2359 1171 2389 T
1272 2367 1285 2386 1
1312 2357 1420 2387 sillum
1454 2355 1482 2384 T

145 2410 222 2445 (pro
241 2405 380 2445 Silium)
475 2416 493 2435 2
517 2416 592 2436 sera
610 2405 677 2443 BA,
693 2405 774 2444 fort.
796 2409 870 2435 recte
886 2417 892 2435 ;
916 2414 1026 2434 seram
1046 2404 1095 2433 CA
1177 2413 1195 2440 4
1214 2401 1321 2439 tangit
1340 2400 1407 2471 ἰηέ.
1425 2398 1478 2427 ΒΑ

194 2458 301 2479 MART.
322 2458 375 2478 ΕΡ.
421 2475 427 2481 ,
