1684 2763
770 127 1241 166 EPIGRAMMATON
1275 128 1376 165 LIB.
1411 127 1466 164 IV

619 240 755 277 LXIV

245 311 319 349 Iuli
350 310 480 361 iugera
510 324 637 360 pauca
669 309 860 348 Martialis

243 375 364 414 hortis
397 375 666 426 Hesperidum
697 374 873 413 beatiora

242 443 360 491 longo
392 441 558 479 Ianiculi
588 441 679 491 iugo
710 441 970 479 recumbunt:

242 506 307 544 lati
337 506 504 545 collibus
535 506 709 544 eminent
739 519 915 544 recessus

241 579 279 610 et
310 573 449 621 planus
480 571 639 610 modico
670 579 824 609 tumore
854 579 985 609 vertex
1453 587 1468 616 5

241 638 352 675 caelo
382 637 589 687 perfruitur
619 636 814 675 sereniore

243 710 280 740 et
309 716 446 740 curvas
476 703 622 740 nebula
652 703 956 752 tegentevalles

242 769 348 805 solus
378 769 465 806 luce
496 767 592 806 nitet
623 767 834 817 peculiari:

243 832 348 883 puris
378 832 516 871 leniter
543 834 806 871 admoventur
834 832 946 870 astris

242 900 370 936 celsae
400 898 572 936 culmina
602 898 770 936 delicata
799 898 922 936 villae.
1436 913 1474 934 10

246 963 353 1001 Hinc
384 971 536 1013 septem
567 963 753 1001 dominos
783 962 916 1001 videre
947 963 1091 1001 montis

243 1036 281 1067 et
312 1035 436 1067 totam
467 1028 557 1067 licet
586 1028 794 1067 aestimare
826 1030 1010 1074 Romam,

244 1095 422 1132 Albanos
453 1107 613 1144 quoque
643 1095 921 1143 Tusculosque
952 1095 1072 1131 colles

243 1168 281 1198 et
311 1161 596 1210 quodcumque
627 1158 727 1197 iacet
758 1160 830 1197 sub
862 1159 958 1197 urbe
988 1158 1117 1208 frigus,

244 1224 414 1263 Fidenas
445 1232 597 1263 veteres
628 1225 847 1274 brevesque
879 1225 1047 1271 Rubras,
1439 1239 1472 1268 [ς

243 1297 280 1330 et
311 1291 419 1340 quod
450 1289 624 1339 virgineo
655 1303 792 1328 cruore
822 1291 968 1340 gaudet

244 1358 384 1394 Annae
414 1355 650 1405 pomiferum
681 1369 821 1393 nemus
853 1357 1064 1394 Perennae.

245 1421 359 1459 Illinc
391 1420 608 1458 Flaminiae
639 1420 892 1470 Salariaeque

243 1494 414 1536 gestator
443 1493 550 1536 patet
580 1487 721 1524 essedo
752 1493 917 1532 tacente,

245 1566 293 1590 ne
324 1552 472 1590 blando
504 1559 588 1589 rota
617 1550 666 1589 sit
698 1553 863 1589 molesta
893 1564 1047 1597 somno,
1435 1566 1475 1586 20

244 1631 362 1667 quem
395 1630 467 1655 nec
497 1630 678 1667 rumpere
708 1615 911 1655 nauticum
942 1618 1121 1655 celeuma

246 1696 318 1720 nec
349 1683 498 1720 clamor
527 1683 629 1720 valet
659 1681 946 1727 helciariorum,

244 1761 335 1786 cum
366 1747 414 1785 sit
444 1754 524 1785 tam
554 1759 678 1797 prope
710 1746 885 1785 Mulvius
916 1759 1151 1796 sacrumque

245 1815 377 1863 lapsae
406 1826 475 1863 per
504 1811 681 1851 Tiberim
711 1814 844 1850 volent
875 1811 1040 1851 carinae.

247 1880 339 1916 Hoc
369 1891 444 1925 ωε,
477 1891 544 1916 seu
575 1877 706 1928 potius
737 1878 880 1917 domus
911 1878 1091 1916 vocanda
1120 1884 1188 1920 est,
1437 1891 1474 1922 25

245 1944 502 1982 commendat
530 1942 741 1982 dominus:
783 1950 890 1981 tuam
922 1942 1091 1992 putabiS‚

246 2016 325 2046 tam
357 2022 437 2047 non
468 2007 601 2047 invida
631 2016 793 2058 tamque
822 2007 1004 2054 liberalis,

247 2082 325 2112 tam
357 2073 462 2112 comi
492 2081 599 2124 patet
629 2073 919 2124 hospitalitate:

246 2140 382 2178 credas
412 2138 569 2178 Alcinoi
600 2139 686 2190 pios
718 2140 885 2178 Penates

185 2244 294 2274 LXIV
324 2254 336 2274 1
362 2243 451 2274 Tulli
467 2242 515 2273 CA
531 2243 606 2284 <sed
616 2253 645 2273 v.
659 2242 704 2281 36
717 2243 794 2275 Iulii
886 2252 905 2272 2
930 2242 1123 2272 heseridum
1139 2242 1192 2271 BA
1281 2252 1299 2280 4
1326 2240 1477 2271 eminent

138 2287 214 2317 BA:
238 2288 413 2318 imminent
433 2287 481 2318 CA
550 2330 556 2336 .
598 2297 619 2326 9
645 2288 871 2317 admonentur
885 2286 938 2335 'CA
956 2292 991 2325 tn
1008 2291 1070 2335 pso
1087 2296 1121 2320 u)
1237 2295 1275 2315 10
1300 2285 1404 2335 uittae
1421 2284 1477 2333 βΑ

140 2330 181 2370 <T
194 2335 255 2370 pro
273 2331 313 2369 L)
406 2341 440 2360 11
469 2331 605 2361 dommo
625 2330 673 2361 CA
767 2340 803 2368 14
829 2330 907 2360 faeit
923 2329 998 2360 BA:
1025 2334 1111 2360 iacet
1131 2328 1177 2359 CA
1281 2330 1320 2358 16
1344 2338 1476 2367 virgine

141 2375 301 2412 nequiore
315 2374 440 2404 Mum-0
524 2376 562 2405 18
586 2374 679 2404 illinc
693 2374 760 2404 BA:
784 2373 851 2404 illic
866 2374 913 2403 CA
1003 2383 1041 2411 19
1065 2372 1229 2412 gestatori
1247 2372 1300 2401 BA
1384 2376 1475 2410 patet

140 2417 193 2447 ΒΑ
209 2428 215 2447 :
239 2417 323 2448 iacet
337 2418 383 2448 CA
473 2422 507 2449 et
523 2419 605 2450 sedo
622 2418 670 2449 CA
758 2419 800 2449 28
816 2422 883 2449 tam
895 2421 1065 2458 compatet
1075 2416 1130 2448 BA
1228 2425 1269 2456 29
1292 2415 1413 2446 alcioni
1428 2413 1473 2445 (Ἀ
