1684 2763
203 131 261 168 M.
292 131 413 168 VAL.
446 132 759 171 MARTIALIS

713 246 808 283 LIX

204 309 251 345 In
281 308 433 358 Saeptis
463 310 664 348 Mamurra
693 309 760 348 diu
790 311 1037 360 multumque
1065 318 1236 361 uagatus

256 372 320 411 hic
349 373 416 412 ubi
447 375 577 412 Roma
606 388 695 413 suas
723 389 840 413 aurea
869 383 981 414 vexat
1010 389 1116 425 opes,

202 436 369 487 inspexit
398 440 535 477 molles
565 453 706 489 pueros
735 439 937 490 oculisque
966 440 1150 488 comedit,

256 516 336 540 non
366 504 438 541 hos
468 517 566 553 quos
596 504 744 553 primae
772 505 1003 554 prostituere
1032 519 1155 552 casae,

203 568 272 606 sed
303 581 401 617 quos
431 582 595 606 arcanae
625 576 778 607 servant
808 569 981 607 tabulata
1014 577 1184 608 catastae
1512 587 1527 616 5

257 640 294 670 et
324 646 423 682 quos
453 646 532 671 non
563 635 731 683 populus
761 647 834 671 nec
864 647 951 671 mea
980 635 1092 672 turba
1120 634 1235 673 videt.

202 697 295 735 inde
325 704 429 734 satur
458 710 613 735 mensas
643 704 681 735 et
709 705 866 747 opertos
896 697 1000 736 exuit
1029 699 1143 736 orbes

256 761 556 811 expositumque
585 763 661 800 alte
690 762 835 812 pingue
864 763 1044 812 poposcit
1072 763 1179 809 ebur,

203 834 240 864 et
270 826 536 864 testudineum
568 841 726 865 mensus
756 835 892 877 quater
921 828 1154 866 hexaclinon

257 890 446 940 ingemuit
476 891 572 930 citro
602 906 681 930 non
711 892 803 930 satis
833 906 918 931 esse
947 906 1029 930 suo.
1494 910 1531 930 10

203 955 399 994 consuluit
429 970 540 994 nares
569 971 619 994 an
649 959 798 995 olerent
825 971 914 995 aera
945 957 1175 1003 Corinthon,

257 1021 427 1070 culpavit
458 1029 603 1060 statuas
637 1030 685 1069 et,
719 1023 917 1072 Polyclste,
950 1030 1047 1069 turm,

204 1093 241 1123 et
271 1086 423 1124 turbata
454 1087 559 1124 brevi
590 1095 750 1136 questus
779 1087 999 1137 crystallina
1027 1087 1125 1125 vitro

258 1150 429 1188 murrina
459 1151 622 1201 signavit
652 1152 906 1202 seposuitque
936 1153 1086 1190 decem.

205 1216 390 1266 expendit
420 1224 568 1254 veteres
598 1218 772 1255 calathos
802 1224 840 1255 et
869 1217 900 1255 si
930 1230 1007 1267 qua
1036 1219 1191 1255 fuerunt
1494 1233 1531 1264 15

258 1283 400 1330 pocula
430 1283 637 1320 Mentorea
666 1282 870 1320 nobilitata
899 1296 1029 1328 manu,

205 1353 241 1383 et
272 1345 403 1383 viridis
434 1346 539 1394 picto
569 1360 744 1396 gemmas
774 1346 992 1384 numeravit
1021 1346 1059 1384 in
1089 1359 1194 1393 auro,

258 1409 452 1459 quidquid
483 1418 519 1448 et
549 1424 570 1448 a
601 1410 713 1449 nivea
740 1410 925 1460 grandius
954 1424 1046 1448 aure
1075 1411 1248 1448 sonant!

205 1475 469 1523 sardonychas
499 1488 589 1513 vero
620 1489 755 1513 mensa
784 1475 975 1524 quaesivit
1003 1474 1042 1512 in
1073 1475 1179 1513 omni

259 1547 296 1577 et
326 1539 492 1588 pretium
525 1539 674 1589 magnis
707 1539 798 1577 fecit
828 1539 1056 1589 iaspidibus.
1494 1557 1534 1577 20

206 1603 415 1642 undecima
446 1606 568 1641 lassus
598 1618 688 1642 cum
718 1604 794 1642 iam
825 1604 1043 1643 discederet
1074 1605 1178 1650 hora,

259 1682 345 1707 asse
375 1671 475 1707 duos
505 1670 646 1707 calices
676 1669 769 1708 emit
799 1677 837 1707 et
866 1669 948 1719 ipse
979 1669 1076 1707 tulit.

730 1758 801 1794 LX

208 1824 284 1859 Seu
316 1829 355 1859 tu
388 1821 587 1859 Paestanis
617 1821 746 1871 genita
776 1835 816 1859 es
846 1835 914 1859 seu
944 1820 1101 1858 Tiburis
1130 1820 1239 1867 arvis,

261 1899 329 1924 seu
359 1886 489 1924 rubuit
519 1888 631 1924 tellus
661 1888 834 1924 Tuscula
862 1887 956 1924 flore
985 1893 1063 1932 tuo,

209 1965 277 1989 scu
309 1951 562 1990 Praenestino
592 1959 629 1989 te
658 1951 771 1990 vilica
800 1950 890 2000 legit
919 1951 959 1988 in
988 1952 1112 1997 horto,

263 2030 331 2054 seu
363 2018 483 2054 modo
515 2016 707 2066 Campani
736 2015 856 2065 gloria
885 2015 979 2053 ruris
1010 2029 1116 2054 eras:

255 2119 334 2149 LIX
359 2130 432 2148 cnm
449 2119 556 2149 LVIII
574 2119 666 2157 confl.
683 2119 733 2149 CA
805 2129 818 2148 1
847 2129 1002 2149 manurra
1019 2118 1069 2148 vel
1082 2119 1236 2148 mamirra
1247 2118 1299 2148 ΒΑ
1390 2128 1410 2148 2
1435 2128 1535 2149 aurea

210 2162 365 2194 velaures
378 2162 475 2192 ³EAi
489 2163 536 2192 CA
627 2174 645 2200 4
664 2173 750 2200 quos
764 2173 830 2194 om.
845 2162 900 2192 BA
988 2172 1006 2199 5
1030 2165 1145 2192 seruat
1161 2161 1208 2192 CA
1298 2172 1314 2200 7
1341 2161 1373 2191 in
1391 2171 1427 2192 Se
1441 2172 1465 2192 s.
1482 2161 1536 2191 BA

211 2217 231 2245 9
254 2206 447 2236 testudineo
464 2205 516 2234 BA
585 2207 710 2235 mensis
729 2206 774 2235 CA
876 2216 914 2235 10
939 2204 1092 2244 ingenuit
1111 2204 1159 2234 CA
1259 2214 1296 2234 12
1320 2204 1465 2242 polucite
1481 2204 1536 2234 BA

215 2260 253 2287 13
271 2249 344 2279 brui
364 2248 412 2278 CA
479 2249 624 2278 cristana
639 2248 695 2278 BA
762 2250 851 2278 nitro
867 2249 943 2278 BA:
967 2249 1055 2279 uitro
1073 2247 1121 2277 CA
1221 2258 1258 2286 15
1277 2248 1414 2286 expedit
1430 2247 1485 2277 ΒΑ
1503 2253 1538 2278 ut

212 2293 275 2324 viel.
360 2303 370 2321 1
381 2302 395 2330 7
414 2302 502 2322 num.
519 2302 603 2330 gem.
619 2291 673 2320 BA
733 2302 771 2330 19
792 2292 862 2322 uiro
878 2291 926 2321 CA
942 2303 948 2321 :
967 2301 1066 2321 ueros
1080 2290 1157 2321 Alci.
1224 2291 1333 2321 omnis
1345 2291 1399 2321 BA
1414 2292 1534 2330 (sfort.

213 2339 389 2366 correctura
408 2336 603 2375 mmginalz's
618 2334 664 2364 ad
676 2346 757 2365 vero
774 2335 947 2374 speclansl.
961 2334 1046 2364 uuida
1063 2344 1195 2364 mensas
1211 2345 1242 2373 q.
1262 2334 1295 2364 in
1312 2335 1422 2364 omnis
1438 2334 1511 2365 Ital.

261 2379 321 2408 LX
345 2379 417 2409 hab.
451 2379 485 2409 T.
557 2378 641 2408 Cum
672 2378 749 2408 LIX
774 2378 865 2416 const.
895 2378 943 2408 CA
1035 2387 1047 2406 1
1076 2377 1214 2408 Scutum
1245 2378 1274 2407 T
1293 2379 1379 2417 <turn
1398 2383 1461 2417 pro
1485 2381 1535 2415 tu„

215 2422 372 2462 puestani
392 2423 437 2453 T:
463 2422 595 2461 pestani
615 2421 663 2452 CA
740 2432 776 2452 es
793 2421 870 2462 seu]
889 2431 964 2452 esse
981 2426 1016 2452 ut
1035 2421 1083 2452 CA
1164 2421 1237 2451 auis
1256 2420 1301 2452 T:
1326 2431 1426 2451 aures
1441 2421 1488 2451 CA
