1684 2763
197 149 253 186 M.
286 148 408 185 VAL.
440 147 756 185 MARTIALIS

196 262 258 298 Tu
288 273 446 310 quoque
476 261 525 298 de
555 259 696 297 nostris
724 261 870 309 releges
900 272 1192 309 quemcumque
1221 258 1371 306 libellis,

251 338 335 363 esse
363 332 458 375 puta
486 326 637 364 solum:
677 324 731 363 sic
761 323 832 362 tibi
860 323 979 374 pluris
1009 323 1090 363 erit.

697 419 814 455 XXX

307 494 456 532 Baiano
485 495 620 543 procul
649 507 672 531 a
700 495 798 540 lacu,
831 506 1049 539 monemus,

307 559 484 609 piscator,
516 560 616 608 fuge,
648 572 697 597 ne
727 572 874 596 nocens
904 559 1074 596 recedas.

307 624 424 662 sacris
453 623 627 673 piscibus
656 624 729 661 hae
759 630 941 660 natantur
971 623 1111 667 undae,

308 688 374 738 qui
403 696 546 726 norunt
575 687 781 726 dominum
812 700 1052 736 manumque
1081 687 1260 725 lambunt

309 753 423 798 illam,
456 766 533 802 qua
562 752 658 789 nihil
687 759 745 790 est
774 751 813 789 in
843 751 937 789 orbe
968 751 1102 789 maius.

310 817 405 867 quid
434 819 542 867 quod
573 830 719 855 nomen
749 817 897 855 habent
926 824 964 854 et
993 817 1042 854 ad
1074 816 1244 866 magistri

309 896 446 921 vocem
477 882 643 932 quisque
673 881 730 920 sui
760 881 866 920 venit
894 880 1063 919 citatus?

312 949 404 986 Hoc
433 948 634 997 quondam
666 947 784 996 Libys
814 946 957 996 impius
986 947 1193 995 profundo,

311 1014 406 1050 dum
436 1014 622 1061 praedam
652 1013 804 1050 calamo
834 1019 1024 1050 tremente
1053 1010 1172 1058 ducit,

312 1077 428 1127 raptis
458 1077 672 1115 luminibus
701 1084 860 1127 repente
889 1089 1029 1114 caecus

312 1150 469 1192 captum
500 1155 580 1179 non
609 1141 737 1191 potuit
765 1141 896 1180 videre
925 1140 1084 1191 piscem,

314 1215 351 1245 et
380 1220 486 1244 nunc
516 1206 722 1255 sacrilegos
752 1219 914 1256 perosus
944 1207 1082 1243 hamos

316 1271 484 1310 Baianos
514 1273 625 1310 sedet
653 1272 704 1309 ad
733 1272 840 1308 lacus
869 1278 1033 1320 rogator.

314 1339 366 1374 At
396 1345 447 1383 tu,
479 1338 574 1375 dum
604 1345 727 1386 potes,
759 1336 949 1374 innocens
978 1336 1117 1373 recede

315 1401 423 1440 iactis
453 1401 695 1452 simplicibus
724 1401 822 1440 cibis
851 1401 890 1438 in
921 1402 1058 1447 undas,

315 1474 352 1505 et
381 1466 507 1516 pisces
537 1479 719 1505 venerare
748 1465 948 1504 delicatos.

691 1560 829 1596 XXXI

210 1637 330 1684 Quod
359 1635 469 1685 cupis
500 1635 538 1672 in
570 1634 710 1673 nostris
740 1634 897 1684 dicique
927 1633 1080 1684 legique
1109 1633 1249 1671 libellis

263 1708 300 1738 et
330 1701 542 1738 nonnullus
572 1701 699 1737 honos
729 1699 899 1737 creditur
928 1699 999 1737 iste
1029 1697 1110 1744 tibi,

210 1778 259 1802 ne
288 1765 437 1802 valeam
468 1763 499 1801 si
529 1777 609 1801 non
639 1777 698 1801 res
727 1771 786 1801 est
814 1763 1032 1812 gratissima
1060 1761 1174 1800 nobis

264 1837 301 1867 et
331 1830 420 1866 volo
451 1836 487 1866 te
517 1827 659 1866 chartis
690 1827 896 1865 inseruisse
927 1827 1034 1865 meis.

210 1894 278 1931 sed
309 1901 350 1931 tu
380 1906 526 1931 nomen
556 1893 677 1931 habes
706 1905 841 1930 averso
870 1893 979 1930 fonte
1013 1904 1189 1929 sororum

264 1957 489 2007 inpositum,
519 1965 641 1995 mater
669 1959 778 2006 quod
807 1957 877 1995 tibi
907 1958 1004 1995 dura
1032 1955 1142 1994 dedit
1156 1971 1166 2003 3

211 2023 318 2072 quod
349 2035 421 2059 nec
452 2023 718 2071 Melpomene,
749 2023 857 2071 quod
888 2035 960 2060 nec
992 2020 1249 2070 Polyhymnia
1278 2021 1399 2071 possit

265 2099 337 2124 nec
367 2085 430 2136 pia
458 2099 548 2124 cum
580 2087 744 2125 Phoebo
773 2086 903 2125 dicere
933 2085 1122 2136 Calliope.

258 2189 377 2219 XXIX
405 2198 443 2218 10
468 2194 565 2227 putas
582 2189 636 2219 ΒΑ
655 2195 732 2228 (seq.
751 2190 780 2229 s)

258 2233 360 2263 XXX
387 2242 399 2261 1
427 2242 601 2262 monemus
620 2233 694 2263 BA:
720 2234 841 2264 recede
860 2233 906 2263 CA
1059 2232 1080 2261 6
1103 2231 1266 2270 quidquid
1285 2242 1315 2263 n.
1337 2231 1383 2261 CA

215 2277 337 2316 imipus
356 2275 402 2306 CA
537 2285 574 2305 12
600 2286 739 2314 perosos
757 2277 806 2307 CA
940 2285 978 2314 13
1004 2279 1143 2314 rogatur
1161 2275 1208 2305 CA
1227 2278 1264 2304 ut
1281 2274 1344 2305 vid.

215 2322 301 2350 bene
319 2329 392 2349 rare
411 2318 459 2348 CA
477 2318 510 2358 (i.
526 2329 547 2348 e.
566 2319 638 2359 ue-)

259 2362 379 2392 XXXI
406 2362 478 2393 hab.
504 2362 532 2392 T
636 2373 655 2392 2
681 2363 744 2393 iste
761 2363 843 2394 AA:
867 2373 943 2394 esse
958 2361 1067 2393 BACA
1183 2371 1202 2400 5
1228 2360 1339 2392 fronte
1358 2360 1405 2391 CA

216 2407 278 2436 sibi
298 2406 345 2437 CA

1483 340 1523 362 10

1491 1092 1531 1114 10
