1684 2763
447 451 514 499 M.
564 450 724 497 VAL.
767 448 1179 497 MARTIALIS

524 565 1124 614 EPIGRAMMATON

677 681 848 718 LIBER
886 680 970 717 vu

818 785 835 821 Ι

268 858 423 894 ΛΟΕΙΡΕ
454 855 659 905 belligerae
689 855 853 892 crudum
884 854 1043 891 thoraca
1074 852 1287 898 Minervae,

321 921 403 971 ipsa
434 922 675 959 Medusaeae
705 932 823 969 quem
853 918 963 956 timet
993 919 1047 955 ira
1076 931 1224 955 comae.

267 987 361 1024 (lum
392 993 513 1031 vacat,
546 987 652 1031 haec,
687 985 840 1030 Caesar,
874 983 1015 1033 poterit
1045 982 1165 1021 lorica
1194 981 1351 1021 vocari:

321 1058 478 1099 pectore
508 1063 597 1087 cum
628 1062 738 1087 sacro
768 1048 923 1094 sederit,
953 1047 1058 1097 aegis
1089 1047 1169 1085 erit.

804 1142 845 1178 ΙΙ

271 1212 379 1250 Invia
409 1211 631 1250 Sarmaticis
661 1210 812 1249 domini
843 1210 962 1248 lorica
991 1208 1138 1259 sagittis

321 1285 358 1316 et
390 1277 526 1315 Martis
557 1277 698 1315 Getico
727 1284 877 1325 tergore
907 1276 985 1313 fida
1014 1274 1147 1323 magis,

267 1356 384 1392 quam
415 1344 474 1380 vel
503 1343 553 1380 ad
584 1343 748 1380 Aetolae
777 1354 953 1379 securam
984 1338 1156 1388 cuspidis
1188 1337 1285 1375 ictus

320 1407 441 1445 texuit
470 1406 663 1445 innumeri
694 1405 864 1443 lubricus
895 1404 1035 1454 unguis
1064 1403 1169 1453 apri:

266 1472 354 1510 felix
384 1480 486 1510 sorte
517 1480 591 1517 tua,
624 1485 776 1509 sacrum
807 1470 869 1508 eui
899 1478 1055 1519 tangere
1085 1462 1220 1518 pectus

320 1538 375 1574 sas
405 1537 475 1575 erit
505 1545 542 1574 et
572 1536 693 1574 nostri
724 1543 855 1573 mente
885 1536 1009 1572 calere
1040 1533 1114 1571 dei.

266 1602 274 1638 i
306 1615 439 1640 comes
469 1609 506 1639 et
537 1615 699 1651 magnos
729 1601 875 1638 inlaesa
904 1612 1051 1637 merere
1081 1597 1298 1646 triumphos

320 1668 591 1716 Dalmat-&teque
621 1667 778 1712 ducem,
808 1666 877 1703 sed
907 1664 995 1710 cito,
1028 1664 1149 1701 redde
1179 1670 1302 1712 togae.

790 1759 854 1795 III

267 1831 347 1869 Cur
377 1843 455 1867 non
486 1829 598 1866 mitto
628 1842 737 1866 meos
767 1827 848 1874 tibi,
880 1825 1111 1871 Pondliane,
1144 1824 1326 1862 libellos?

322 1896 382 1933 Ne
412 1894 507 1931 mihi
537 1901 577 1932 tu
609 1893 749 1939 mittas,
782 1891 1013 1937 Pontiliane,
1045 1899 1143 1928 tuos.

795 1986 853 2022 IV

375 2054 500 2098 Esset,
532 2050 717 2095 Castrice‚
749 2063 838 2087 cum
869 2047 960 2086 mali
990 2046 1141 2092 coloris,

374 2131 506 2155 versus
536 2116 703 2154 scribere
733 2114 862 2164 coepit
892 2112 1109 2163 Oppianus.

313 2220 325 2249 I
352 2229 370 2248 2
394 2220 553 2249 medusae
573 2218 619 2247 (A
722 2217 873 2256 qud-ael
895 2215 941 2245 CA
1044 2222 1159 2244 comae
1183 2211 1260 2241 BA:
1284 2211 1368 2241 deae
1400 2209 1444 2239 CA
1575 2219 1592 2246 4

268 2263 358 2302 aegit
375 2263 437 2292 erit
455 2262 502 2291 CA
523 2261 594 2301 (sed
607 2261 727 2298 aegida
743 2259 806 2290 erit
823 2258 903 2294 XC)
1091 2256 1121 2287 11
1147 2255 1220 2286 hab.
1240 2254 1272 2284 R
1363 2252 1449 2283 Cum
1468 2251 1480 2281 Ι
1499 2251 1592 2290 confl.

269 2307 320 2336 ΒΑ
411 2315 430 2344 3
455 2306 495 2335 ad
513 2315 580 2334 om.
600 2303 631 2333 R
765 2313 781 2340 7
808 2311 962 2340 mergere
981 2300 1029 2330 CA
1178 2298 1229 2328 111
1246 2296 1368 2327 l1ab.R
1435 2306 1453 2326 2
1472 2305 1592 2326 nec...

270 2349 380 2380 mittas
394 2349 472 2378 AA:
498 2358 558 2378 ne.
575 2347 731 2377 ..mittas
743 2345 815 2376 BA:
838 2355 917 2375 nec.
933 2369 939 2375 .
955 2343 1077 2373 .mittis
1090 2341 1137 2372 CA
1315 2340 1360 2369 IV
1386 2349 1405 2369 2
1429 2339 1593 2378 appianus

271 2393 323 2423 BA
339 2405 345 2423 :
370 2391 536 2432 oppianus
555 2390 603 2420 CA
