1684 2763
215 144 272 179 M.
303 143 426 180 VAL.
459 142 772 180 MARTIALIS

213 252 373 292 condita
402 252 457 292 sic
486 266 586 304 puro
615 260 870 292 numerantur
898 253 978 292 lilia
1006 253 1117 301 vitro,
1520 271 1537 303 5

266 318 321 356 sic
350 318 533 368 prohibet
562 318 690 357 tenuis
719 332 875 369 gemma
905 321 1023 358 latere
1053 333 1170 358 rosas.

215 383 352 421 Insilui
383 397 612 433 mersusque
641 384 750 422 vadis
780 384 968 422 luctantia
997 385 1122 435 carpsi

268 449 401 487 basia:
441 449 671 499 perspicuae
700 451 787 499 plus
816 449 992 488 vetuistis
1022 463 1159 500 aquae.

694 561 841 597 XXIII

322 643 428 678 Dum
458 648 499 678 tu
529 642 634 678 lenta
663 640 779 679 nimis
808 641 956 691 diuque
986 641 1138 691 quaeris

319 704 406 754 quis
436 704 582 754 primus
612 704 682 742 tibi
712 705 848 754 quisve
877 705 924 743 sit
954 707 1161 751 secundus,

320 769 481 808 Graium
512 783 611 819 quos
641 769 880 820 epigramma
909 771 1146 820 conparavit,

319 836 489 884 palmam
521 834 797 881 Callimachus,
829 835 979 881 Thalia,
1012 837 1061 874 de
1091 849 1132 875 se

319 900 492 937 facundo
521 900 631 938 dedit
660 899 743 949 ipse
774 900 974 939 Brutiano.
1521 916 1538 946 5

319 964 386 1014 qui
416 964 447 1002 si
478 964 672 1014 Cecropio
701 973 806 1003 satur
834 967 966 1015 lepore

321 1031 527 1067 Romanae
557 1031 635 1068 sale
665 1030 797 1068 luserit
827 1030 1041 1077 Minervae,

319 1094 371 1131 illi
402 1108 465 1132 me
494 1094 622 1142 facias,
655 1108 801 1145 precor,
834 1097 1064 1134 secundum.

694 1206 834 1243 XXIV

212 1290 362 1325 Omnes
392 1299 488 1335 quas
517 1285 666 1332 habuit,
699 1285 886 1333 Fabiane,
916 1286 1075 1336 Lycoris
1104 1285 1249 1324 amicas

265 1350 425 1389 extulit:
465 1350 572 1389 uxori
603 1352 668 1388 fiat
697 1350 824 1389 amica
853 1364 973 1389 meae.

705 1463 821 1499 XXV

211 1545 377 1581 ⁴Xemula
408 1542 564 1580 Baianis
594 1542 716 1580 Altini
745 1543 858 1580 litora
886 1542 984 1580 villis

262 1616 299 1645 et
331 1607 589 1645 Phaethontei
620 1607 778 1646 conscia
807 1607 901 1645 silva
930 1607 1022 1657 rogi,

209 1686 390 1722 quaeque
419 1675 648 1711 Antenoreo
680 1674 881 1722 Dryadum
913 1672 1173 1722 pulcherrima
1204 1674 1341 1710 Fauno

263 1737 394 1787 nupsit
423 1738 472 1775 ad
504 1739 713 1786 Euganeos
743 1738 834 1775 Sola
862 1739 992 1787 puella
1020 1739 1137 1783 lacus,

209 1810 245 1839 et
276 1810 316 1839 tu
348 1803 507 1839 Ledaeo
536 1801 626 1839 felix
656 1801 839 1851 Aquileia
873 1801 1051 1848 Timavo,
1515 1816 1531 1846 5

262 1866 325 1904 hic
355 1865 420 1904 ubi
451 1873 632 1915 septenas
663 1866 839 1915 Cyllarus
868 1866 997 1904 hausit
1025 1879 1172 1916 aquas:

208 1944 276 1969 vos
306 1930 409 1968 eritis
439 1938 593 1968 nostrae
623 1930 776 1980 requies
805 1938 1019 1981 portusque
1049 1938 1239 1975 senectae,

262 1995 292 2031 si
323 1994 414 2032 iuris
443 1994 585 2033 fuerint
614 1994 694 2033 otia
723 2003 855 2034 nostra
883 1995 953 2033 sui.

254 2097 355 2128 XXIl
381 2107 400 2136 5
426 2098 569 2128 candida
587 2098 647 2127 ΑΛ
664 2100 754 2138 (cum
773 2098 802 2137 Q
817 2109 857 2129 ex
871 2100 965 2137 corr.)
984 2110 990 2129 :
1014 2099 1150 2130 condita
1169 2098 1277 2128 BACA
1352 2099 1386 2128 -6
1410 2103 1532 2129 tenues

210 2141 322 2171 AABA
343 2143 431 2175 (cum
449 2141 514 2170 EX
528 2142 599 2173 alm
735 2152 752 2180 7
778 2143 809 2172 in
829 2143 923 2173 siluis
942 2143 995 2172 ΒΑ
1127 2143 1146 2172 8
1169 2142 1348 2181 perspicuo
1372 2142 1401 2171 T

254 2184 373 2214 XXIII
393 2195 412 2222 3
430 2185 567 2214 Graium
584 2195 670 2223 quos
687 2184 831 2215 Koestlin
852 2186 982 2222 (Pln'lol.
998 2186 1105 2216 xxxvi
1116 2187 1178 2224 264
1187 2191 1193 2210 ἃ
1209 2197 1215 2216 ι
1233 2191 1431 2224 gratumque
1443 2184 1528 2215 codd.

210 2228 406 2267 conparabit
421 2229 467 2257 (Ἀ
485 2228 517 2267 (i.
532 2238 554 2258 c.
575 2229 675 2259 -uitn
787 2239 806 2267 5
830 2229 903 2269 ipsa
922 2230 969 2260 CA
1079 2230 1099 2258 6
1123 2229 1171 2259 sic
1188 2229 1243 2258 ΒΑ
1332 2239 1349 2267 7
1375 2228 1464 2258 sales
1483 2228 1529 2258 CA

211 2271 331 2301 luseris
351 2271 401 2300 ΒΑ
535 2272 555 2300 8
579 2271 659 2301 sacis
677 2272 725 2301 CA
982 2272 1101 2302 XXIV
1124 2272 1197 2303 lmb.
1221 2271 1250 2302 T

254 2314 354 2344 XXV
378 2314 451 2344 hah.
479 2313 524 2352 T3
557 2325 606 2345 vv.
635 2314 697 2352 7e8
723 2315 795 2345 hab.
823 2315 856 2344 R
1032 2325 1046 2346 1
1071 2316 1175 2345 altine
1205 2315 1258 2345 ΒΑ
1454 2324 1473 2343 2
1497 2319 1530 2345 et

210 2358 381 2396 phaethon
407 2362 441 2387 et
466 2358 674 2388 conscientia
698 2368 723 2388 s.
754 2369 779 2388 r.
806 2357 854 2388 CA
1027 2360 1048 2389 6
1071 2358 1180 2389 haurit
1206 2358 1266 2388 ΑΛ
1295 2359 1379 2399 (aur.
1414 2357 1529 2397 TJCA:

210 2401 321 2431 hausit
336 2401 392 2431 ΒΑ
525 2411 541 2440 7
566 2406 686 2441 portus
702 2402 900 2441 requiesque
916 2401 980 2440 PQ
