1684 2763
237 153 291 190 M.
323 153 445 189 VAL.
478 152 790 190 MARTIALIS

343 276 424 302 non
454 263 520 311 vis,
554 271 596 301 ut
625 271 732 313 puto,
765 265 980 302 mentulam
1011 263 1152 302 videre.

344 342 463 378 quare
493 341 583 366 cum
613 330 762 378 populo
791 328 928 367 lavaris
958 330 1081 378 ergo?
1548 344 1564 374 5

344 406 482 431 omnes
511 407 561 431 an
592 393 662 431 tibi
692 407 763 431 nos
794 407 927 431 sumus
958 394 1188 443 spadones?

345 459 459 507 Ergo,
492 471 541 495 ne
570 457 736 495 videaris
767 457 952 504 invidere,

345 536 464 569 servo,
499 522 642 569 Caelia,
676 523 837 560 fibulam
868 522 1032 560 remitte.

706 627 877 663 LXXVI

238 714 406 759 Solvere,
439 714 567 759 Paete,
600 713 739 750 decem
769 711 839 750 tibi
870 725 933 750 me
963 711 1139 750 sestertia
1167 712 1284 761 cogis,

291 777 503 826 perdiderit
532 776 719 826 quoniam
751 778 884 814 Bucco
913 778 1085 815 ducenta
1115 776 1194 814 tibi.

238 855 286 880 ne
316 853 496 889 noceant,
528 855 607 889 oro,
640 841 736 878 mihi
766 855 846 879 non
877 855 964 880 mea
993 841 1180 879 crimina:
1220 850 1260 879 tu
1291 841 1356 891 qui

292 905 350 943 bis
380 914 545 944 centena
575 914 687 955 potes
716 908 889 956 perdere,
922 907 1041 956 perde
1071 907 1220 944 decem.

694 1011 889 1047 LXXVII

239 1097 285 1133 In
317 1095 501 1134 omnibus
531 1098 699 1134 Vacerra
728 1098 835 1146 quod
866 1096 1118 1134 conclavibus

238 1160 434 1198 consumit
464 1162 577 1198 horas
608 1169 645 1199 et
675 1161 738 1199 die
768 1169 851 1199 toto
881 1162 1002 1207 sedet,

237 1225 427 1263 cenaturit
458 1228 635 1273 Vacerra,
668 1240 748 1264 non
777 1225 973 1264 cacaturit.

681 1330 901 1366 LXXVIII

242 1417 360 1453 Vtere
390 1415 568 1454 femineis
599 1417 865 1466 conplexibus,
898 1424 1016 1464 utere,
1048 1416 1195 1462 Victor,

292 1479 550 1530 ignotumque
580 1481 653 1519 sibi
684 1483 858 1520 mentula
887 1481 1011 1520 discat
1041 1494 1151 1531 opus.

240 1545 421 1581 flammea
451 1552 633 1582 texuntur
661 1559 838 1595 sponsae,
871 1545 947 1583 iam
977 1545 1083 1595 virgo
1113 1552 1280 1594 paratur,

294 1609 474 1647 tondebit
504 1624 646 1659 pueros
677 1610 752 1648 iam
784 1624 887 1649 nova
916 1619 1038 1661 nupta
1067 1618 1167 1648 tuos.

240 1673 422 1722 pedicare
453 1676 573 1712 semel
604 1675 750 1725 cupido
780 1675 889 1713 dabit
918 1675 983 1713 illa
1012 1674 1160 1721 marito,
1548 1691 1565 1722 5

295 1738 389 1775 dum
421 1739 559 1776 metuit
588 1739 653 1777 teli
684 1742 843 1778 vulnera
872 1740 996 1790 prima
1026 1739 1140 1777 novi:

241 1801 395 1851 saepius
425 1803 500 1840 hoc
530 1803 611 1841 fieri
642 1804 769 1841 nutrix
798 1812 1000 1854 materque
1030 1804 1218 1842 vetabunt

296 1874 334 1904 et
364 1866 522 1904 dicent:
562 1869 705 1914 ‘onr‚
738 1882 817 1906 non
848 1882 957 1918 puer,
987 1868 1059 1905 ista
1088 1867 1158 1905 tibi
1188 1868 1270 1905 est.'

245 1932 337 1968 Heu
368 1939 535 1980 quantos
564 1940 704 1978 aestus,
736 1940 904 1982 quantos
932 1932 1078 1982 patiere
1107 1932 1270 1978 labores,

296 1995 327 2033 si
355 1995 470 2034 fuerit
499 2010 652 2035 cunnus
682 2011 741 2035 res
771 1998 972 2047 peregrina
1000 1997 1096 2035 tibi!
1529 2013 1566 2035 10

243 2074 334 2110 ergo
364 2061 591 2099 Suburanae
621 2062 787 2100 tironem
817 2064 925 2100 trade
956 2062 1170 2111 magistrae.

297 2125 361 2162 illa
389 2124 514 2162 virum
544 2126 683 2171 faciet3
720 2140 801 2164 non
830 2127 932 2164 bene
961 2127 1067 2177 virgo
1096 2127 1225 2165 docet.

290 2228 433 2259 LXXVI
457 2229 530 2259 hab.
556 2229 586 2259 T
698 2239 710 2259 1
738 2230 826 2268 pede
847 2230 877 2260 T
975 2239 995 2267 3
1019 2230 1113 2260 crimi
1137 2229 1184 2259 T:
1208 2229 1357 2260 carmina
1373 2228 1429 2258 BA
1546 2240 1565 2268 4

246 2272 331 2310 pede
355 2271 384 2301 T
634 2272 796 2303 LXXVII
823 2283 842 2302 2
867 2273 1078 2312 consumpsit
1097 2273 1307 2313 t-ups-3BA:
1333 2273 1500 2303 consumit
1519 2272 1567 2303 CA

246 2314 427 2345 LXXVIII
453 2314 526 2346 hab.
552 2315 582 2345 T
718 2325 737 2354 3
760 2321 920 2346 texantur
938 2316 987 2346 CA
1128 2326 1148 2354 9
1173 2320 1267 2355 piere
1286 2320 1321 2346 ut
1335 2315 1399 2346 vid.
1421 2315 1471 2346 CA
1488 2316 1523 2356 (i.
1538 2326 1562 2347 e.

246 2358 387 2397 patiere)
409 2358 517 2396 (plere
534 2358 608 2398 EX,
629 2359 761 2398 periere
782 2360 834 2399 A)
1003 2369 1042 2390 10
1065 2360 1211 2390 mundus
1236 2359 1297 2388 ΑΛ
1322 2359 1402 2399 (pro
1417 2360 1566 2399 cunnus)

248 2410 283 2431 11
311 2402 500 2432 suburbane
524 2401 553 2431 T
678 2403 772 2433 trade
789 2402 924 2433 AACA:
946 2403 1050 2434 redde
1066 2401 1123 2431 ΒΑ
