1684 2763
259 153 314 189 M.
346 153 467 190 VAL.
501 153 812 191 MARTIALIS

362 263 454 301 Auli
484 264 723 314 municipem
753 264 830 302 mei
859 264 1060 311 Pudentis,

362 328 416 366 illi
446 337 486 366 tu
516 329 628 367 dabis
658 331 755 368 haee
783 331 843 368 vel
873 338 1090 379 occupato:

362 393 507 432 instent
536 394 641 432 mille
671 394 761 432 licet
790 403 1047 444 premantque
1076 407 1202 440 curae,
1558 411 1575 442 5

361 458 502 496 nostris
531 459 767 497 carminibus
797 467 928 497 tamen
957 459 1136 498 vacabit:

361 536 450 560 nani
481 537 545 561 me
573 523 697 573 diligit
725 523 789 561 ille
817 523 1117 573 proximumque

361 588 484 625 Turni
512 588 711 626 nobilibus
741 587 831 638 legit
860 587 1010 625 libellis.

361 653 396 691 O
426 660 616 702 quantum
647 652 717 690 tibi
745 651 917 690 nominis
944 655 1120 701 paratur!

359 729 383 754 o
412 730 513 766 quae
540 717 683 766 gloria!
718 730 835 766 quam
866 718 1047 766 frequens
1076 718 1252 754 amator!
1536 732 1575 753 10

359 789 396 819 te
425 782 614 829 convivia,
646 791 684 820 te
713 783 839 820 forum
870 781 1036 828 sonabit,

359 847 486 893 aedes,
519 847 700 896 compita,
734 846 916 897 porticus,
948 847 1143 884 tabernae.

358 910 424 947 uni
455 911 628 958 mitteris,
660 911 845 949 omnibus
874 911 1021 961 legeris.

712 1005 895 1044 XCVIII

251 1073 407 1120 Omnia,
439 1075 590 1121 Castor,
622 1074 741 1112 emis:
781 1074 835 1112 sic
865 1075 930 1112 fiet
960 1082 1001 1112 ut
1032 1073 1164 1112 omnia
1193 1073 1351 1111 vendas.

742 1167 879 1205 XCIX

249 1236 311 1274 Sic
340 1236 538 1285 placidum
568 1236 701 1274 videas
730 1250 892 1286 semper,
926 1235 1117 1286 Crispine,
1148 1237 1371 1273 Tonantem

302 1315 374 1339 nec
404 1309 441 1339 te
473 1303 601 1340 Roma
632 1301 760 1338 minus
790 1314 907 1350 quam
938 1308 1004 1338 tua
1034 1300 1234 1350 Memphis
1268 1308 1395 1338 amet:

249 1366 419 1403 carmina
450 1364 651 1403 Parrhasia
681 1365 710 1403 si
742 1374 874 1404 nostra
902 1367 1078 1415 legentur
1107 1365 1146 1402 in
1175 1366 1273 1411 aula,

299 1444 525 1480 —namque
554 1432 680 1469 solent
710 1444 816 1468 sacra
847 1429 1023 1469 Caesaris
1051 1443 1143 1467 aure
1172 1428 1299 1466 frui—

247 1495 375 1533 dieere
405 1497 455 1533 de
484 1495 598 1533 nobis
628 1503 669 1533 ut
699 1496 820 1533 lector
849 1494 1041 1533 candidus
1070 1495 1195 1532 aude:
1552 1510 1569 1542 5

302 1560 590 1610 ‘Temporibus
620 1568 787 1610 praestat
817 1573 896 1597 non
927 1559 1022 1597 nihil
1052 1559 1124 1597 iste
1154 1558 1239 1605 tuis,

249 1639 320 1663 nec
352 1627 485 1663 Marso
515 1625 680 1663 nimium
711 1625 837 1662 minor
866 1632 923 1662 est
953 1626 1152 1673 doctoque
1183 1624 1364 1663 Catullo)

300 1691 374 1728 hoc
404 1690 495 1728 satis
525 1698 605 1728 est:
644 1690 717 1740 ipsi
747 1697 874 1728 cetera
904 1690 1050 1727 mando
1080 1690 1166 1727 deo.

1414 1140 1471 1165 s

289 1792 414 1822 XCVII
451 1803 467 1831 7
501 1793 606 1831 diligit
632 1792 706 1823 EA:
743 1792 860 1830 diliget
889 1792 937 1822 CA
1095 1791 1332 1830 proximusque
1363 1790 1411 1820 CA
1440 1794 1477 1819 ul
1502 1791 1566 1821 vid.

245 1838 264 1864 ὃ
289 1837 381 1866 curni
400 1836 448 1865 CA
537 1837 618 1875 legit
634 1835 708 1866 BA:
733 1836 822 1874 leget
841 1835 889 1865 CA
907 1835 1005 1873 &liget
1021 1834 1115 1874 ⁴46¹)
1204 1845 1225 1874 9
1250 1833 1307 1864 tibi
1324 1833 1399 1865 BA:
1423 1834 1504 1864 mihi
1519 1833 1567 1864 CA

246 1879 389 1908 numinis
408 1879 455 1909 CA
571 1889 605 1909 11
632 1879 764 1909 sonauit
784 1878 831 1909 CA
851 1879 884 1917 ti.
895 1889 917 1909 e.
938 1878 1012 1918 -bit)

289 1922 434 1952 XCVIII
462 1922 518 1952 fiat
536 1921 564 1951 L

288 1965 403 1996 XCIX
426 1966 499 1995 lmh.
522 1966 551 1995 T
639 1975 658 2004 3
684 1964 889 2004 parrhasiam
906 1964 959 1994 ΒΑ
1007 1964 1165 2002 leguntur
1180 1963 1260 1994 AA:
1286 1963 1443 2002 legentur
1460 1961 1566 1993 ΒΑίᾺ

243 2018 356 2038 auram
373 2008 426 2038 BA
447 2009 495 2047 <cf
516 2020 543 2040 v.
564 2009 598 2049 4)
733 2010 754 2038 6
778 2008 833 2038 ille
850 2007 882 2037 P
1009 2008 1028 2037 8
1052 2008 1124 2046 ipsa
1143 2006 1193 2037 CA
