1684 2763
743 163 1001 201 EPIGRAM
1010 164 1210 202 MATON
1244 166 1345 203 LIB.
1379 166 1460 202 XII

239 287 318 311 non
348 287 477 312 cessas
508 281 639 312 tamen
670 288 795 324 usque
826 289 888 313 me
920 289 1063 325 rogare.

239 339 428 388 Quisquis
458 339 511 376 nil
542 347 668 389 negat,
699 339 884 388 Atticum,
917 342 1032 378 fellat.

615 456 765 492 LXXX

130 548 191 585 Ne
222 548 354 585 laudet
384 547 534 597 dignos,
567 549 700 586 laudat
731 548 974 588 Callistratus
1005 563 1154 588 omnes.

182 611 245 650 cui
275 614 400 650 malus
430 620 487 651 est
517 626 647 660 nemo,
679 613 766 663 quis
797 615 926 653 bonus
955 629 1040 653 esse
1070 618 1229 665 potest?

602 730 773 766 LXXXI

130 822 299 859 Brumae
329 821 470 859 diebus
500 821 682 871 feriisque
713 822 868 860 Saturni

128 885 308 924 mittebat
339 887 489 925 Vmber
518 886 700 924 aliculam
732 887 827 925 mihi
857 902 1006 939 pauper
1022 904 1030 936 Γ;

127 965 232 989 nunc
264 951 382 989 mittit
411 952 578 990 alicam:
618 954 742 990 factus
773 961 829 991 est
860 954 965 992 euim
997 955 1115 993 dives.

585 1074 781 1111 LXXXII

129 1167 308 1216 Effugere
338 1166 377 1204 in
409 1166 569 1205 thermis
600 1175 638 1205 et
667 1167 769 1205 circa
800 1167 940 1205 balnea
969 1182 1048 1207 non
1080 1178 1137 1207 est

182 1233 446 1281 Menogenen,
478 1232 587 1269 omni
618 1240 658 1270 tu
689 1232 778 1270 licet
812 1241 892 1271 arte
922 1234 1027 1271 velis.

126 1296 299 1347 captabit
329 1296 506 1347 tepidum
537 1299 672 1335 dextra
701 1300 889 1348 laevaque
920 1299 1123 1348 trigonem‚

180 1361 332 1411 inputet
361 1370 543 1412 acceptas
573 1370 614 1400 ut
644 1363 715 1401 tibi
745 1377 861 1413 saepe
891 1364 999 1413 pilas.

126 1427 273 1476 colligit
303 1435 340 1465 et
370 1429 508 1465 referet
537 1429 667 1465 laxum
698 1430 748 1466 de
778 1430 936 1478 pulvere
967 1430 1110 1471 follem,
1443 1448 1458 1478 5

180 1500 218 1530 et
248 1492 279 1530 si
310 1492 387 1529 iam
418 1494 531 1539 lotus,
564 1492 641 1530 iam
672 1495 842 1531 soleatus
872 1494 952 1532 erit.

125 1557 245 1595 lintea
274 1557 305 1594 si
335 1571 477 1603 sumes,
510 1557 598 1595 nive
628 1558 858 1596 candidiora
887 1561 1078 1609 loquetur,

179 1622 256 1660 sint
286 1622 375 1660 licet
404 1622 562 1660 infantis
593 1623 811 1661 sordidiora
840 1624 939 1662 sinu.

125 1687 284 1736 exiguos
314 1695 422 1725 secto
451 1695 674 1725 comentem
705 1689 825 1726 dente
854 1689 1015 1738 capillos

179 1752 284 1790 dicet
314 1752 511 1790 Achilleas
542 1752 782 1802 disposuisse
811 1767 956 1791 comas.
1422 1771 1460 1792 ιο

125 1818 302 1855 fumosae
331 1818 426 1855 feret
456 1817 538 1867 ipse
568 1817 698 1868 tropin
728 1820 778 1857 de
807 1820 915 1857 faece
945 1821 1108 1869 lagonae

178 1882 315 1921 frontis
344 1890 382 1920 et
411 1896 590 1921 umorem
620 1883 766 1933 colligit
796 1898 920 1934 usque
950 1892 1049 1923 tuae.

125 1947 258 1985 omnia
287 1947 473 1994 laudabit,
507 1947 710 1986 mirabitur
739 1949 882 1996 omnia,
915 1951 1043 1988 donec

180 2026 386 2062 perpessus
416 2012 523 2051 dicas
554 2013 683 2052 taedia
718 2014 823 2052 mille
856 2014 1025 2052 ‘Venil'

172 2133 305 2163 LXXX
328 2133 401 2164 hab.
428 2134 456 2163 T
612 2144 624 2164 1
652 2135 783 2176 laudet]
804 2135 921 2166 laudes
939 2136 987 2166 CA
1260 2135 1409 2166 LXXXI
1440 2148 1457 2166 ‘2

128 2176 306 2206 haliculam
325 2177 434 2217 (halli-
455 2177 518 2213 CA)
537 2178 625 2208 codd.
780 2189 800 2217 3
826 2180 915 2209 misit
930 2179 1007 2210 BA:
1032 2180 1132 2210 mittit
1150 2179 1199 2210 CA
1314 2180 1454 2210 halicarn

127 2219 214 2250 codd.
439 2221 607 2252 LXXXII
633 2232 652 2261 3
677 2223 811 2262 captabi
831 2226 866 2252 ut
880 2223 944 2253 vid.
962 2223 1018 2253 ΒΑ
1151 2235 1170 2261 4
1197 2228 1354 2262 acceptas
1378 2224 1456 2253 BA:

127 2268 289 2302 exceptas
315 2263 363 2293 CA
505 2274 524 2303 5
549 2266 686 2305 colliget
707 2266 734 2296 G
823 2267 954 2306 lapsum
975 2267 1005 2306 Q
1133 2268 1154 2296 6
1177 2278 1235 2297 ero
1255 2267 1304 2297 CA
1436 2268 1455 2296 8

127 2306 248 2336 infanti
268 2306 316 2336 CA
336 2308 411 2347 (seq.
426 2308 455 2346 s)
554 2319 575 2348 9
598 2310 625 2339 si
643 2314 676 2340 te
692 2309 746 2339 BA
765 2309 844 2350 (pro
861 2310 943 2341 scite
957 2313 984 2350 ἓ)
1003 2322 1010 2341 :
1034 2316 1128 2341 secto
1147 2310 1197 2341 CA
1301 2321 1339 2341 10
1364 2311 1455 2340 dices

132 2350 181 2381 CA
304 2360 338 2380 11
367 2351 480 2390 tropin
506 2351 580 2383 Ital.
604 2364 611 2383 ε
644 2353 766 2392 propin
799 2354 888 2385 codd.
1018 2364 1055 2384 12
1089 2355 1225 2392 colliget
1245 2354 1272 2384 G
1350 2364 1455 2392 usque

128 2394 201 2425 Ital.
222 2405 229 2424 :
254 2393 311 2424 ille
329 2394 383 2423 ΒΑ
402 2405 408 2424 :
433 2401 536 2433 utque
556 2396 605 2426 CA
739 2407 777 2436 13
801 2398 950 2428 laudauit
986 2398 1033 2428 CA
1053 2398 1088 2438 (i.
1101 2408 1124 2428 e.
1146 2398 1222 2436 -bit)
