1684 2763
217 145 271 181 M.
306 144 425 180 VAL.
459 144 772 182 MARTIALIS

322 267 438 303 quem
470 253 630 292 thermis
660 255 780 292 modo
810 267 995 303 quaerere
1024 261 1061 292 et
1091 254 1248 293 theatris
1521 272 1538 301 5

320 326 357 356 et
387 318 638 356 conclavibus
666 319 852 357 omnibus
880 320 1044 357 solebas.

321 383 383 421 Sic
413 392 482 430 est,
513 391 650 433 captus
680 398 720 422 es
750 383 926 423 unctiore
956 397 1091 422 mensa

320 456 357 486 et
388 448 510 486 maior
538 448 664 498 rapuit
693 462 831 487 canem
860 449 1001 487 culina.

321 513 396 550 iam
427 521 475 559 te,
508 515 576 551 sed
606 513 696 560 cito,
727 513 927 563 cognitum
958 521 996 552 et
1025 513 1200 552 relictum

320 591 409 616 cum
439 578 641 616 fastidierit
670 578 816 628 popina
845 578 964 624 dives,
1502 594 1540 616 10

319 642 503 692 antiquae
532 642 664 681 venies
692 644 743 681 ad
773 656 861 681 ossa
890 656 1021 680 cenae.

711 747 823 783 XLV

214 826 320 864 Dicis
351 828 602 874 formonsam,
634 826 731 865 dicis
761 835 810 874 te,
843 829 973 874 Bassa,
1006 828 1186 876 puellam.

266 891 369 930 istud
400 905 500 941 quae
531 906 609 930 non
641 900 698 930 est
728 891 869 939 dicere,
902 894 1033 938 Bassa,
1065 893 1174 930 solet.

694 1000 827 1036 XLVI

214 1078 327 1117 Basia
357 1080 451 1117 (lum
483 1081 576 1117 nolo
606 1079 678 1117 nisi
709 1093 809 1128 quae
839 1078 1026 1117 luctantia
1055 1078 1179 1128 carpsi

265 1152 302 1182 et
333 1145 460 1193 placet
490 1144 544 1182 ira
573 1144 668 1181 mihi
699 1146 785 1193 plus
816 1152 881 1182 tua
911 1157 1029 1193 quam
1060 1143 1190 1190 facies,

212 1217 253 1246 ut
283 1216 320 1246 te
350 1222 466 1258 saepe
496 1222 640 1258 rogem,
673 1211 807 1255 caedo,
842 1209 1103 1255 Diadumene,
1136 1221 1276 1257 saepe:

264 1287 485 1323 consequor
514 1275 600 1320 hoc,
633 1282 674 1311 ut
706 1288 767 1312 me
798 1287 870 1312 nec
900 1273 1038 1312 timeas
1068 1287 1140 1311 nec
1169 1286 1288 1311 ames.

691 1373 848 1409 XLVII

212 1454 440 1502 Numquam
472 1467 512 1490 se
542 1465 703 1491 cenasse
733 1453 841 1491 (lomi
873 1453 986 1491 Philo
1016 1453 1125 1499 iurat,
1157 1460 1193 1491 et
1224 1454 1299 1490 hoc
1329 1460 1409 1490 est:

264 1531 342 1556 non
374 1525 499 1564 cenat,
530 1518 712 1567 quotiens
742 1532 860 1556 nemo
889 1518 1041 1556 vocavit
1071 1531 1172 1556 eum.

673 1623 854 1659 XLVIII

211 1702 318 1750 Quid
349 1716 426 1740 non
457 1702 560 1751 cogit
588 1704 729 1740 amor?
767 1702 889 1740 secuit
918 1704 1076 1740 nolente
1106 1702 1266 1751 capillos

263 1769 463 1816 Encolpos
491 1767 666 1813 domino,
699 1780 777 1805 non
807 1767 1040 1816 prohibente
1069 1774 1211 1804 tamen.

209 1831 382 1882 permisit
412 1831 595 1881 flevitque
627 1833 810 1870 Pudens:
850 1831 904 1869 sic
934 1831 1048 1869 cessit
1078 1830 1241 1869 habenis

262 1896 401 1935 audaci
431 1904 592 1946 questus
622 1897 671 1934 (le
703 1897 949 1934 Phaethonte
979 1903 1112 1945 pater:

210 1962 294 2000 talis
324 1970 455 2011 raptus
488 1963 623 2010 Hylas,
655 1961 740 1999 talis
770 1963 985 2010 deprensus
1016 1960 1189 1998 Achilles
1515 1975 1532 2005 5

262 2026 444 2076 deposuit
473 2028 660 2076 gaudens,
694 2034 815 2064 matre
844 2027 1015 2073 dolente,
1046 2038 1190 2063 comas.

252 2142 272 2169 9
297 2131 439 2161 §edicito
458 2130 506 2159 ΓΑ

215 2168 219 2172 ’
253 2174 345 2204 XLV
369 2174 443 2204 lzab.
468 2173 527 2203 Tle
623 2183 642 2202 2
666 2174 754 2212 qued
772 2197 779 2204 .
800 2197 807 2204 .
828 2197 835 2204 .
856 2173 947 2204 soles
972 2173 1029 2203 ΑΛ
1058 2174 1121 2212 <-et
1152 2170 1233 2211 T¹):
1260 2181 1346 2210 quae
1363 2193 1369 2200 .
1391 2193 1397 2200 .
1418 2193 1425 2200 .
1447 2170 1533 2200 solet

210 2218 314 2247 BACA

253 2259 362 2290 XLVI
388 2259 460 2290 lmb.
486 2258 544 2288 TR
686 2269 697 2288 1
726 2260 835 2298 carpis
854 2260 901 2289 CA
1033 2269 1053 2297 3
1078 2258 1178 2288 credo
1194 2256 1327 2288 ΑΑΒΑς
1362 2257 1466 2286 caedo
1484 2256 1531 2286 CA

209 2316 227 2342 4
253 2313 441 2341 consequor
456 2302 585 2333 AACA:
611 2312 800 2341 consequar
815 2302 869 2332 ΒΑ
958 2307 993 2332 ut
1011 2312 1076 2332 om.
1091 2301 1143 2331 BA

255 2346 382 2376 XLVII
409 2346 483 2376 hab.
510 2345 538 2375 Τ

253 2389 399 2420 XLVIII
430 2399 441 2419 1
468 2388 589 2428 capillo
607 2388 654 2418 CA
675 2389 757 2429 (-um
779 2388 820 2429 G)
