1684 2763
763 151 1229 190 EPIGRAMMATON
1263 153 1366 189 11113.
1398 153 1455 189 XI
1466 154 1497 188 V

545 261 592 297 X.
629 261 798 299 Chartae
828 262 999 299 maiores.

278 330 370 367 Non
400 337 457 367 est
487 343 650 368 munera
678 331 787 380 quod
817 338 929 380 putes
959 331 1109 381 pusilla,

278 408 367 432 cum
398 396 520 433 donat
549 408 691 433 vacuas
722 403 838 445 poeta
867 397 1030 434 chartas.

507 496 579 532 XI.
616 496 786 534 Chartae
813 497 1039 545 epistolares.

167 564 243 602 Seu
274 563 408 602 leviter
437 573 542 612 noto,
575 579 643 604 seu
674 579 764 605 caro
794 566 911 605 missa
941 566 1066 605 sodali

219 642 357 668 omnes
387 629 460 668 ista
488 632 587 669 solet
616 632 750 670 charta
778 645 917 670 vocare
947 645 1049 670 suos.

558 730 653 766 XII.
684 731 822 767 Loculi
845 731 974 768 eborei.

168 799 254 835 Hos
285 798 359 836 nisi
389 800 439 837 de
469 801 568 837 flava
597 801 747 838 loculos
777 799 938 850 implere
968 808 1129 838 moneta

218 876 298 901 non
328 865 464 902 decet:
503 872 707 914 argentum
737 864 826 902 vilia
855 864 959 914 ligna
986 866 1121 903 serant.

551 965 670 1001 XIII.
703 965 840 1001 Loculi
864 965 989 1013 lignei.

165 1030 203 1069 Si
234 1031 329 1081 quid
358 1034 490 1071 adhuc
520 1041 696 1083 superest
726 1033 765 1071 in
795 1034 917 1072 nostri
946 1035 1054 1072 faece
1083 1034 1223 1081 locelli,

218 1110 360 1136 munus
390 1097 472 1136 erit.
531 1098 640 1136 Nihil
670 1106 753 1146 est3
791 1098 873 1148 ipse
908 1100 1069 1137 locellus
1100 1098 1181 1137 erit.

575 1197 686 1234 XIV.
722 1197 817 1235 Tali
840 1198 970 1235 eborei.

164 1266 266 1304 Cum
296 1265 443 1304 steterit
473 1268 603 1304 nullus
632 1269 741 1306 vultu
771 1267 842 1306 tibi
871 1269 971 1306 talus
1001 1269 1155 1313 eodem,

215 1344 378 1369 munera
407 1345 470 1370 me
499 1331 607 1371 dices
637 1345 779 1382 magna
808 1332 965 1372 dedisse
995 1332 1076 1371 tibi.

619 1432 706 1468 XV.
745 1433 927 1468 Tesserae.

162 1500 255 1538 Non
285 1499 358 1537 sim
389 1502 555 1539 talorum
586 1514 751 1540 numero
780 1515 849 1550 par
879 1509 1033 1549 tessera,
1066 1502 1162 1540 dum
1193 1501 1240 1539 sit

216 1564 339 1604 maior
368 1578 487 1615 quam
518 1565 604 1604 talis
633 1568 718 1604 alea
747 1579 864 1616 saepe
895 1566 1001 1605 mihi.

583 1665 693 1702 XVI.
732 1665 950 1702 Turricula.

161 1735 275 1782 Quae
304 1733 377 1772 scit
406 1733 648 1783 compositos
679 1748 818 1772 manus
848 1734 1014 1783 inproba
1044 1734 1196 1773 mittere
1226 1736 1336 1782 talos,

212 1797 244 1836 si
272 1811 342 1848 per
370 1812 433 1837 me
463 1798 578 1846 misit,
609 1798 663 1836 nil
693 1798 767 1836 nisi
796 1807 887 1837 vota
915 1800 1020 1837 feret.

203 1901 235 1932 X
259 1901 334 1933 hab.
357 1900 392 1933 T.
433 1902 511 1934 Om.
535 1901 591 1932 BA
616 1902 628 1942 (
633 1906 767 1942 propter
781 1902 887 1933 simile
906 1901 1029 1932 lemma
1054 1903 1215 1942 sequentis
1234 1904 1349 1944 cptjgr,)
1381 1913 1490 1934 MALA-

159 1954 269 1976 ‘rom-:s
291 1944 321 1975 T
385 1955 399 1975 1
427 1951 479 1976 est
501 1945 583 1976 AA:
605 1950 684 1976 sunt
710 1945 757 1976 CA
827 1950 927 1986 putes
950 1946 1071 1986 pusilla
1086 1945 1146 1976 ΑΑ
1166 1958 1173 1977 :
1197 1951 1296 1986 putas
1312 1946 1424 1985 puella
1442 1947 1489 1977 CA

202 1988 251 2019 XI
277 1988 350 2019 hab.
378 1988 408 2018 T
448 1989 521 2029 ER]
569 1998 725 2020 MAloREs
740 1989 796 2019 ΒΑ
811 1989 868 2030 (cs.
889 1989 937 2030 X)
1025 2001 1044 2020 2
1069 1991 1210 2031 uocare]
1230 2000 1312 2021 uore
1335 1990 1365 2020 T

202 2032 270 2062 XII
295 2032 368 2063 hab.
393 2032 453 2062 TR
499 2042 652 2063 EBVRNm
673 2032 706 2062 R
725 2034 808 2073 (pro
825 2033 957 2071 eburei)
1058 2043 1072 2063 1
1100 2033 1171 2064 Nos
1188 2033 1252 2074 (R)
1270 2033 1319 2064 vel
1335 2033 1410 2065 Hos
1429 2033 1488 2074 (T)

157 2075 217 2105 ΑΑ
322 2085 342 2105 2
366 2075 463 2106 decet
482 2076 545 2116 (R)
563 2076 705 2106 vellicet
722 2076 791 2116 (T)
808 2076 868 2106 AA

201 2118 286 2149 XIII
310 2119 383 2149 hab.
408 2119 438 2149 T
524 2130 537 2149 1
566 2119 670 2150 fictilo
688 2119 772 2150 caeli
796 2120 825 2150 T

200 2162 284 2192 XIV
306 2161 378 2194 hab.
404 2161 435 2192 T
474 2162 614 2193 eburnei
626 2161 847 2193 Schneidewin
939 2173 952 2192 1
981 2164 1100 2193 eadem
1113 2163 1225 2193 AACA

201 2205 266 2235 XV
288 2205 359 2237 hah.
385 2205 415 2235 T
463 2215 658 2237 TESSETARE
681 2207 710 2237 T
724 2208 802 2247 (pro
817 2215 992 2237 TESSERAE
1008 2217 1086 2238 corr.
1106 2217 1181 2237 ·AR-
1195 2208 1240 2242 23:
1266 2217 1417 2238 TESSERA
1433 2207 1486 2237 BA

161 2258 174 2278 1
201 2249 263 2279 sim
283 2249 342 2288 (Lx
361 2249 411 2279 vel
425 2259 497 2280 sum
515 2249 630 2289 (PQs)
648 2250 702 2279 ΒΑ
793 2261 824 2291 p.
851 2255 876 2281 t.
905 2251 936 2281 d.
966 2249 1008 2290 s.]
1038 2255 1153 2290 partes
1168 2261 1319 2281 serarum
1342 2251 1371 2281 T

200 2292 282 2322 XVI
307 2292 381 2323 hab.
404 2291 434 2322 T
519 2302 533 2322 1
559 2293 702 2332 Quaerit
721 2293 769 2324 CA
787 2296 868 2335 (pro
885 2293 982 2332 Quae
995 2294 1054 2331 sit)
1138 2294 1290 2333 improbe
1313 2294 1342 2324 T
1356 2294 1482 2332 (etfort.

156 2335 257 2375 AA):
292 2335 434 2374 inproba
466 2334 581 2377 (imp-)
609 2336 718 2367 BACA
866 2347 885 2367 2
909 2337 995 2367 seret
1020 2336 1266 2368 Schneidewin:
1301 2337 1407 2368 ferret
1439 2337 1483 2368 T:

155 2379 234 2410 facit
251 2378 358 2410 BACA

1339 2435 1401 2464 26*
