1684 2763
815 144 1284 184 EPIGRAMMATON
1318 147 1370 184 LI
1380 148 1419 183 Β.

678 256 752 292 XL

156 325 317 364 Pinxisti
347 328 557 373 Venerem,
589 325 696 372 colis,
729 324 991 371 Artemidore‚
1026 325 1272 365 Minervam:

206 399 244 430 et
275 391 423 430 miraris
453 405 553 443 opus
583 391 831 441 displicuisse
861 392 1003 429 tuum?

662 475 758 512 XLI

152 545 339 593 Spadone
369 558 460 583 cum
490 544 541 583 sis
571 544 752 583 eviratior
781 545 899 591 fluxo,

150 615 188 646 et
218 610 443 649 concubino
473 610 627 649 mollior
657 612 891 656 Celaenaeo,

149 687 269 723 quem
299 683 428 714 sectus
458 678 581 714 ululat
611 675 743 714 matris
774 677 941 714 entheae
972 676 1119 722 Gallus,

150 740 300 778 theatra
329 740 499 790 loqueris
530 749 568 779 et
596 742 739 791 gradus
769 748 807 778 et
836 740 966 778 edicta

149 805 383 855 trabeasque
413 813 451 845 et
482 807 578 844 Idus
608 806 829 856 fibulasque
858 818 1091 855 censusque,

148 877 187 907 et
217 870 415 920 pumicata
444 885 636 922 pauperes
667 885 787 909 manu
818 878 1022 909 monstras

149 936 294 974 Sedere
324 935 363 974 in
393 936 571 986 equitum
601 936 716 975 liceat
745 950 796 974 an
827 935 897 974 tibi
928 935 1098 974 scamnis

148 1000 303 1048 videbo,
338 1002 533 1052 Didyme:
569 1015 650 1040 non
680 1001 770 1039 licet
800 1001 1040 1039 maritorum.

647 1079 767 1116 XLII

147 1148 325 1187 Callidus
355 1150 512 1187 effracta
541 1162 727 1187 nummos
756 1150 817 1186 fur
844 1149 993 1187 auferet
1021 1161 1122 1194 arca,

200 1221 420 1262 prosternet
449 1214 594 1264 patrios
623 1214 744 1265 impia
773 1216 933 1252 flamma
962 1215 1086 1252 lares:

146 1278 302 1318 debitor
331 1293 488 1318 usuram
518 1279 662 1330 pariter
690 1287 916 1329 sortemque
946 1278 1115 1329 negabit,

199 1355 281 1380 non
310 1343 449 1381 reddet
478 1342 617 1381 sterilis
647 1342 798 1381 semina
826 1342 928 1380 iacta
957 1354 1091 1392 seges:

145 1406 458 1457 dispensatorem
489 1409 604 1446 fallax
633 1407 817 1458 spoliabit
847 1407 985 1453 amica,

199 1472 395 1511 mercibus
425 1480 618 1511 extructas
648 1473 789 1511 obruet
817 1473 924 1510 unda
953 1479 1065 1510 rates.

145 1544 252 1576 extra
280 1538 478 1576 fortunam
508 1545 566 1576 est
596 1536 793 1587 quidquid
823 1538 993 1575 donatur
1021 1534 1181 1574 amicis:

198 1615 295 1653 quas
325 1602 481 1641 dederis
511 1603 613 1641 solas
642 1615 798 1652 semper
826 1601 991 1640 habebis
1022 1614 1127 1651 opes,

630 1686 774 1722 XLIII

144 1755 265 1794 Thais
295 1756 415 1794 habet
445 1755 585 1805 nigros,
618 1755 753 1793 niveos
784 1753 981 1792 Laecania
1010 1755 1159 1792 dentes.

1223 1140 1249 1154 μ,

197 1834 299 1870 quae
328 1820 426 1859 ratio
456 1822 542 1859 est?
600 1822 767 1870 Emptos
797 1821 895 1858 haec
925 1819 1056 1865 habet,
1088 1818 1152 1856 illa
1181 1832 1286 1857 suos.

640 1903 778 1940 XLIV

251 1973 360 2022 Quid
390 1976 535 2012 factum
566 1980 636 2020 est,
667 1986 773 2022 rogo,
805 1972 901 2022 quid
930 1978 1092 2022 repente
1121 1972 1278 2017 factum,

249 2040 300 2077 ad
329 2053 469 2077 cenam
500 2039 606 2086 mihi,
640 2041 785 2085 Demo,
816 2039 926 2088 quod
955 2036 1181 2084 vocanti,—

250 2103 338 2153 quis
368 2105 502 2142 credat
517 2106 727 2154 ?—quater
754 2117 873 2141 ausus
908 2117 949 2141 es
979 2103 1152 2152 negare?

249 2170 319 2207 sed
349 2183 423 2207 nec
452 2168 612 2219 respicis
642 2177 680 2208 et
709 2169 809 2219 fugis
839 2175 1083 2218 sequentem,

188 2272 267 2302 XLI
293 2283 312 2302 2
336 2272 478 2303 caeleno
495 2272 551 2303 ΒΑ
682 2283 701 2311 3
725 2277 845 2303 sextus
862 2272 910 2302 CA
1001 2271 1188 2302 entheaeus
1206 2272 1286 2307 (om.
1306 2269 1411 2311 Gall-)
1427 2273 1474 2303 CA

143 2324 162 2354 5
186 2315 382 2354 fabulasque
393 2316 447 2346 BA
538 2326 555 2355 7
580 2316 614 2346 in
631 2316 701 2355 eq]
715 2317 890 2356 nequitum
900 2315 957 2345 ΒΑ
1106 2314 1204 2344 XLII
1231 2324 1250 2343 2
1275 2318 1413 2353 patruos
1426 2317 1474 2346 CA

142 2368 206 2397 3—4
232 2369 304 2389 nov.
319 2360 417 2400 engr.
439 2359 549 2391 codd.:
574 2369 650 2391 corr.
662 2359 736 2390 Ital.
873 2361 937 2399 5—8
955 2369 1027 2389 nov.
1047 2359 1144 2399 engr.
1165 2357 1272 2389 codd:
1298 2367 1377 2388 corr.
1397 2358 1470 2389 Ital.

144 2412 161 2441 7
186 2402 345 2441 quicquid
365 2403 466 2442 (-dq-)
484 2403 557 2434 BA:
583 2403 694 2442 siquid
713 2403 762 2433 CA
950 2402 1062 2432 XLIV
1090 2412 1103 2432 1
1130 2405 1270 2441 repeten
1288 2404 1325 2430 ut
1340 2401 1403 2432 vid.
1425 2402 1473 2432 CA

143 2445 265 2476 sactum
284 2450 336 2476 est
352 2446 427 2477 BA:
453 2446 576 2476 sactum
596 2446 643 2476 CA
659 2458 666 2478 ε
680 2447 763 2485 sort.
782 2446 938 2476 factumst

1455 148 1487 182 x,
