1684 2763
252 158 306 194 M.
338 157 460 194 VAL.
495 156 809 194 MARTIALIS

734 268 880 306 XCIII

252 339 432 377 Fabricio
462 338 617 376 iunctus
649 339 729 376 fido
758 337 968 387 requiescit
997 337 1191 387 Aquinus,

303 403 369 454 qui
401 403 505 454 prior
537 402 687 452 Elysias
716 404 861 452 gaudet
889 402 1018 441 adisse
1048 403 1200 441 domos.

249 483 314 508 ara
343 470 490 518 duplex
519 467 634 518 primi
664 476 827 507 testatur
856 481 1019 506 munera
1048 467 1139 517 pili:

305 536 391 585 plus
422 520 554 572 tamen
585 541 653 580 est,
686 533 800 571 titulo
830 534 939 583 quod
969 533 1146 571 breviore
1176 532 1293 582 legis:

253 601 440 637 ‘Iunctus
471 606 634 648 uterque
664 612 775 636 sacro
804 599 986 637 laudatae
1015 599 1174 636 foedere
1202 597 1315 643 vitae,

305 665 488 713 famaque
517 664 626 713 quod
656 676 741 701 raro
771 663 891 710 novit,
922 662 1071 701 amicus
1101 665 1205 700 erat.⁷

745 762 884 801 XCIV

358 832 537 871 Cantasti
568 833 680 879 male,
712 833 808 870 dum
839 833 966 871 fututa
994 846 1046 878 eS‚
1079 833 1212 881 Aegle.

361 898 437 936 iam
468 905 603 936 cantas
634 898 764 944 bene3
802 897 992 935 basianda
1023 911 1102 935 non
1133 912 1184 935 es.

253 1069 373 1117 Quod
403 1069 549 1105 clamas
579 1080 744 1116 semper,
776 1067 885 1116 quod
913 1066 1121 1116 agentibus
1151 1066 1343 1116 obstrepis

307 1146 386 1171 non
418 1132 511 1171 sacis·
542 1133 617 1169 hoc
646 1131 790 1181 gratis:
829 1131 986 1182 accipis,
1020 1139 1060 1170 ut
1091 1140 1230 1170 taceas.

747 1232 882 1270 XCVI

253 1304 291 1343 Si
323 1317 402 1341 non
434 1304 644 1341 molestum
676 1311 733 1340 est
764 1310 881 1352 teque
911 1316 991 1340 non
1022 1302 1136 1352 piget,
1169 1316 1320 1348 scazon,

253 1378 386 1407 nosti-0
417 1382 598 1417 rogamus
629 1381 754 1417 pauca
783 1367 901 1406 verba
932 1369 1116 1406 Materno

253 1433 360 1472 dicas
391 1433 429 1470 in
459 1446 592 1471 aurem
624 1432 678 1470 sic
709 1440 750 1470 ut
779 1432 913 1470 audiat
942 1433 1058 1470 solus.

253 1501 418 1537 Amator
448 1497 511 1536 ille
541 1497 708 1535 tristium
739 1499 980 1535 lacernarum

254 1572 290 1602 et
321 1563 538 1601 baeticatus
566 1571 684 1612 atque
714 1564 1032 1613 leucophaeatus,

254 1629 320 1678 qui
350 1628 575 1667 coccinatos
607 1642 686 1666 non
713 1629 827 1677 'putat
857 1628 958 1666 viros
988 1642 1073 1666 esse

253 1694 616 1743 amethystinasque
646 1692 853 1731 mulierum
885 1701 997 1731 vocat
1028 1700 1165 1735 vestes,

255 1759 384 1797 nativa
415 1760 557 1804 laudet,
590 1758 731 1796 habeat
762 1757 918 1796 et‘licet
948 1771 1102 1807 semper

256 1827 386 1863 fuscos
415 1825 578 1869 colores,
609 1822 788 1873 galbinos
819 1823 937 1861 habet
968 1836 1106 1860 mores.

258 1889 429 1940 Rogabit
459 1890 566 1927 unde
597 1887 774 1937 suspicer
803 1887 927 1925 virum
959 1889 1131 1926 mollem.

257 1957 345 1992 Vna
375 1956 574 1992 lavamur:
613 1953 752 2002 aspicit
783 1952 879 1990 nihil
909 1966 1074 1998 sursum,

256 2021 326 2058 sed
356 2027 506 2069 spectat
536 2018 661 2056 oculis
691 2018 971 2056 devorantibus
1001 2019 1168 2056 draucos

257 2099 329 2124 nec
359 2084 494 2122 otiosis
526 2085 718 2121 mentulas
748 2083 854 2121 videt
883 2082 1010 2121 labris.

258 2149 424 2199 Quaeris
454 2148 541 2198 quis
572 2148 636 2186 hic
666 2148 743 2186 sit?
792 2147 947 2186 Excidit
978 2147 1072 2185 mihi
1104 2161 1260 2185 nomen.

1347 1097 1354 1110 ,
1388 1065 1486 1112 Aeli,

1549 1903 1588 1924 10

302 2253 417 2283 XCIII
441 2263 453 2282 1
474 2252 642 2293 Aquinusf
658 2253 784 2282 amicus
796 2251 1142 2290 132⁸(sed1'11lenmmte
1156 2260 1198 2280 DE
1212 2259 1352 2279 ’rvmvto
1363 2258 1496 2287 AQV1N1,
1509 2252 1585 2282 ete.)

258 2308 276 2327 2
293 2297 404 2327 abisse
422 2296 477 2325 ΒΑ
493 2307 499 2326 :
523 2297 635 2327 adisse
654 2296 703 2327 CA
834 2306 852 2333 4
871 2295 916 2334 pl.
937 2300 960 2329 t,
978 2301 1029 2326 est
1045 2295 1116 2326 BA:
1145 2294 1343 2332 inscriptum
1365 2292 1414 2323 CA
1432 2293 1456 2333 <i
1473 2297 1526 2323 est
1537 2292 1573 2322 X

259 2341 375 2380 (gloss,
409 2344 445 2369 nt
475 2340 552 2374 vid.)
644 2339 730 2378 legis
755 2339 831 2369 BA:
861 2339 956 2378 leges
983 2339 1031 2370 CA
1185 2347 1205 2377 5
1223 2337 1357 2367 functus
1383 2336 1437 2365 ΒΑ
1461 2340 1498 2366 ut
1520 2337 1586 2367 vid,

257 2385 278 2414 6
302 2394 333 2423 q.
352 2393 445 2413 raros
464 2383 527 2418 BA,
550 2382 635 2413 unde
650 2393 735 2422 quos
753 2392 846 2412 raros
862 2381 955 2422 Rooy
1295 2379 1389 2410 XCV
1412 2379 1484 2411 hab.
1510 2379 1541 2412 T

302 2426 411 2458 XCVI
442 2437 453 2456 1
481 2431 532 2458 est
549 2426 727 2457 molestum
745 2432 777 2457 te
791 2426 881 2465 quod
899 2425 954 2455 ΒΑ
1085 2435 1104 2455 2
1129 2435 1158 2455 u.
1178 2428 1385 2454 mamaterno
1403 2423 1459 2453 BA
