<?xml version="1.0" encoding="UTF-8"?>
<!DOCTYPE html PUBLIC "-//W3C//DTD XHTML 1.0 Transitional//EN"
    "http://www.w3.org/TR/xhtml1/DTD/xhtml1-transitional.dtd">
<html xmlns="http://www.w3.org/1999/xhtml" xml:lang="en" lang="en">
 <head>
  <title>
</title>
<meta http-equiv="Content-Type" content="text/html;charset=utf-8" />
  <meta name='ocr-system' content='tesseract 3.04.00' />
  <meta name='ocr-capabilities' content='ocr_page ocr_carea ocr_par ocr_line ocrx_word'/>
</head>
<body>
  <div class='ocr_page' id='page_1' title='image "./epigrammatarecog00martuoft/epigrammatarecog00martuoft_0057.png"; bbox 0 0 1684 2715; ppageno 0'>
   <div class='ocr_carea' id='block_1_1' title="bbox 807 156 1461 195">
    <p class='ocr_par' dir='ltr' id='par_1_1' title="bbox 807 156 1461 195">
     <span class='ocr_line' id='line_1_1' title="bbox 807 156 1461 195; baseline 0.002 -3"><span class='ocrx_word' id='word_1_1' title='bbox 807 156 1273 195; x_wconf 76' lang='lat' dir='ltr'>EPIGRAMMATON</span> <span class='ocrx_word' id='word_1_2' title='bbox 1308 158 1357 194; x_wconf 88' lang='lat' dir='ltr'>LI</span> <span class='ocrx_word' id='word_1_3' title='bbox 1371 159 1409 194; x_wconf 68' lang='lat'>13.</span> <span class='ocrx_word' id='word_1_4' title='bbox 1446 159 1461 194; x_wconf 91' lang='lat'><em>1</em></span> 
     </span>
    </p>
   </div>
   <div class='ocr_carea' id='block_1_2' title="bbox 127 266 1463 1820">
    <p class='ocr_par' dir='ltr' id='par_1_2' title="bbox 127 266 1463 1820">
     <span class='ocr_line' id='line_1_2' title="bbox 130 266 1164 316; baseline 0.002 -13"><span class='ocrx_word' id='word_1_5' title='bbox 130 274 168 303; x_wconf 78' lang='lat' dir='ltr'>at</span> <span class='ocrx_word' id='word_1_6' title='bbox 199 279 288 304; x_wconf 79' lang='lat' dir='ltr'>cum</span> <span class='ocrx_word' id='word_1_7' title='bbox 324 266 548 304; x_wconf 78' lang='lat' dir='ltr'>December</span> <span class='ocrx_word' id='word_1_8' title='bbox 577 278 699 303; x_wconf 83' lang='lat' dir='ltr'>canus</span> <span class='ocrx_word' id='word_1_9' title='bbox 730 273 767 304; x_wconf 90' lang='lat' dir='ltr'>et</span> <span class='ocrx_word' id='word_1_10' title='bbox 799 266 937 304; x_wconf 88' lang='lat' dir='ltr'>bruma</span> <span class='ocrx_word' id='word_1_11' title='bbox 967 266 1164 316; x_wconf 77' lang='lat' dir='ltr'>impotens</span> 
     </span>
     <span class='ocr_line' id='line_1_3' title="bbox 183 330 1463 381; baseline 0.001 -13"><span class='ocrx_word' id='word_1_12' title='bbox 183 330 382 381; x_wconf 75' lang='lat' dir='ltr'>Aquilone</span> <span class='ocrx_word' id='word_1_13' title='bbox 412 344 529 369; x_wconf 83' lang='lat' dir='ltr'>rauco</span> <span class='ocrx_word' id='word_1_14' title='bbox 561 330 718 381; x_wconf 78' lang='lat' dir='ltr'>mugiet,</span> <span class='ocrx_word' id='word_1_15' title='bbox 1425 350 1463 369; x_wconf 60' lang='grc' dir='ltr'>,Ὅ</span> 
     </span>
     <span class='ocr_line' id='line_1_4' title="bbox 127 396 846 446; baseline 0.003 -13"><span class='ocrx_word' id='word_1_16' title='bbox 127 396 258 446; x_wconf 73' lang='lat' dir='ltr'>aprica</span> <span class='ocrx_word' id='word_1_17' title='bbox 288 404 439 446; x_wconf 77' lang='lat' dir='ltr'><strong>repetes</strong></span> <span class='ocrx_word' id='word_1_18' title='bbox 469 396 703 434; x_wconf 78' lang='lat' dir='ltr'>Tarraconis</span> <span class='ocrx_word' id='word_1_19' title='bbox 732 396 846 435; x_wconf 80' lang='lat' dir='ltr'>litora</span> 
     </span>
     <span class='ocr_line' id='line_1_5' title="bbox 183 461 658 511; baseline 0 -12"><span class='ocrx_word' id='word_1_20' title='bbox 183 470 371 511; x_wconf 86' lang='lat' dir='ltr'>tuamque</span> <span class='ocrx_word' id='word_1_21' title='bbox 402 461 658 500; x_wconf 79' lang='lat' dir='ltr'>Laletaniam.</span> 
     </span>
     <span class='ocr_line' id='line_1_6' title="bbox 128 527 966 578; baseline 0.002 -14"><span class='ocrx_word' id='word_1_22' title='bbox 128 527 179 564; x_wconf 86' lang='lat' dir='ltr'>ibi</span> <span class='ocrx_word' id='word_1_23' title='bbox 212 527 389 577; x_wconf 77' lang='lat' dir='ltr'>inligatas</span> <span class='ocrx_word' id='word_1_24' title='bbox 420 527 605 566; x_wconf 83' lang='lat' dir='ltr'>mollibus</span> <span class='ocrx_word' id='word_1_25' title='bbox 635 529 814 566; x_wconf 84' lang='lat' dir='ltr'>dammas</span> <span class='ocrx_word' id='word_1_26' title='bbox 843 528 966 578; x_wconf 82' lang='lat' dir='ltr'>plagis</span> 
     </span>
     <span class='ocr_line' id='line_1_7' title="bbox 183 592 751 643; baseline 0.004 -14"><span class='ocrx_word' id='word_1_27' title='bbox 183 592 373 631; x_wconf 84' lang='lat' dir='ltr'>mactabis</span> <span class='ocrx_word' id='word_1_28' title='bbox 403 600 440 630; x_wconf 91' lang='lat' dir='ltr'>et</span> <span class='ocrx_word' id='word_1_29' title='bbox 469 606 607 631; x_wconf 84' lang='lat' dir='ltr'>vernas</span> <span class='ocrx_word' id='word_1_30' title='bbox 635 607 751 643; x_wconf 90' lang='lat' dir='ltr'>apros</span> 
     </span>
     <span class='ocr_line' id='line_1_8' title="bbox 129 658 1459 709; baseline 0.002 -14"><span class='ocrx_word' id='word_1_31' title='bbox 129 660 383 708; x_wconf 77' lang='lat' dir='ltr'>leporemque</span> <span class='ocrx_word' id='word_1_32' title='bbox 414 658 501 696; x_wconf 89' lang='lat' dir='ltr'>forti</span> <span class='ocrx_word' id='word_1_33' title='bbox 532 659 718 697; x_wconf 86' lang='lat' dir='ltr'>callidum</span> <span class='ocrx_word' id='word_1_34' title='bbox 749 673 907 709; x_wconf 82' lang='lat' dir='ltr'>rumpes</span> <span class='ocrx_word' id='word_1_35' title='bbox 937 673 1051 709; x_wconf 87' lang='lat' dir='ltr'>equo,</span> <span class='ocrx_word' id='word_1_36' title='bbox 1424 677 1459 706; x_wconf 77' lang='lat'>:5</span> 
     </span>
     <span class='ocr_line' id='line_1_9' title="bbox 183 723 1175 773; baseline 0.002 -12"><span class='ocrx_word' id='word_1_37' title='bbox 183 736 318 761; x_wconf 84' lang='lat' dir='ltr'>cervos</span> <span class='ocrx_word' id='word_1_38' title='bbox 349 723 546 773; x_wconf 79' lang='lat' dir='ltr'>relinques</span> <span class='ocrx_word' id='word_1_39' title='bbox 577 723 703 762; x_wconf 83' lang='lat' dir='ltr'>vilico.</span> <span class='ocrx_word' id='word_1_40' title='bbox 1170 731 1175 734; x_wconf 70' lang='lat'><em>&#39;</em></span> 
     </span>
     <span class='ocr_line' id='line_1_10' title="bbox 128 787 1016 838; baseline 0.003 -13"><span class='ocrx_word' id='word_1_41' title='bbox 128 787 255 826; x_wconf 85' lang='lat' dir='ltr'>vicina</span> <span class='ocrx_word' id='word_1_42' title='bbox 285 788 323 826; x_wconf 91' lang='lat' dir='ltr'>in</span> <span class='ocrx_word' id='word_1_43' title='bbox 354 788 481 838; x_wconf 89' lang='lat' dir='ltr'>ipsum</span> <span class='ocrx_word' id='word_1_44' title='bbox 513 788 609 826; x_wconf 83' lang='lat' dir='ltr'>silva</span> <span class='ocrx_word' id='word_1_45' title='bbox 638 790 854 827; x_wconf 81' lang='lat' dir='ltr'>descendet</span> <span class='ocrx_word' id='word_1_46' title='bbox 884 791 1016 828; x_wconf 86' lang='lat' dir='ltr'>focum</span> 
     </span>
     <span class='ocr_line' id='line_1_11' title="bbox 182 853 753 902; baseline 0.005 -12"><span class='ocrx_word' id='word_1_47' title='bbox 182 853 331 891; x_wconf 81' lang='lat' dir='ltr'>infante</span> <span class='ocrx_word' id='word_1_48' title='bbox 361 853 534 891; x_wconf 83' lang='lat' dir='ltr'>cinctum</span> <span class='ocrx_word' id='word_1_49' title='bbox 566 854 753 902; x_wconf 82' lang='lat' dir='ltr'>sordido,-</span> 
     </span>
     <span class='ocr_line' id='line_1_12' title="bbox 127 918 846 957; baseline 0.003 -2"><span class='ocrx_word' id='word_1_50' title='bbox 127 918 330 956; x_wconf 82' lang='lat' dir='ltr'>vocabitur</span> <span class='ocrx_word' id='word_1_51' title='bbox 359 926 521 957; x_wconf 84' lang='lat' dir='ltr'>venator</span> <span class='ocrx_word' id='word_1_52' title='bbox 549 927 587 957; x_wconf 88' lang='lat' dir='ltr'>et</span> <span class='ocrx_word' id='word_1_53' title='bbox 616 919 746 957; x_wconf 87' lang='lat' dir='ltr'>veniet</span> <span class='ocrx_word' id='word_1_54' title='bbox 775 919 846 957; x_wconf 89' lang='lat' dir='ltr'>tibi</span> 
     </span>
     <span class='ocr_line' id='line_1_13' title="bbox 181 983 1461 1034; baseline 0.003 -14"><span class='ocrx_word' id='word_1_55' title='bbox 181 983 347 1021; x_wconf 85' lang='lat' dir='ltr'>conviva</span> <span class='ocrx_word' id='word_1_56' title='bbox 377 985 567 1022; x_wconf 82' lang='lat' dir='ltr'>clamatus</span> <span class='ocrx_word' id='word_1_57' title='bbox 598 998 720 1034; x_wconf 86' lang='lat' dir='ltr'>prope</span> <span class='ocrx_word' id='word_1_58' title='bbox 734 999 744 1033; x_wconf 71' lang='lat'>&gt;¹</span> <span class='ocrx_word' id='word_1_59' title='bbox 1421 1004 1461 1031; x_wconf 49' lang='grc' dir='ltr'>,ιο</span> 
     </span>
     <span class='ocr_line' id='line_1_14' title="bbox 129 1048 1045 1100; baseline 0.002 -14"><span class='ocrx_word' id='word_1_60' title='bbox 129 1051 262 1086; x_wconf 85' lang='lat' dir='ltr'>lunata</span> <span class='ocrx_word' id='word_1_61' title='bbox 292 1062 486 1098; x_wconf 76' lang='lat' dir='ltr'>nusquam</span> <span class='ocrx_word' id='word_1_62' title='bbox 518 1048 630 1098; x_wconf 90' lang='lat' dir='ltr'>pellis</span> <span class='ocrx_word' id='word_1_63' title='bbox 659 1057 698 1088; x_wconf 92' lang='lat' dir='ltr'>et</span> <span class='ocrx_word' id='word_1_64' title='bbox 728 1063 923 1099; x_wconf 77' lang='lat' dir='ltr'>nusquam</span> <span class='ocrx_word' id='word_1_65' title='bbox 954 1058 1045 1100; x_wconf 83' lang='lat' dir='ltr'>toga</span> 
     </span>
     <span class='ocr_line' id='line_1_15' title="bbox 182 1114 752 1164; baseline 0.004 -13"><span class='ocrx_word' id='word_1_66' title='bbox 182 1114 392 1164; x_wconf 72' lang='lat' dir='ltr'>Olidaeque</span> <span class='ocrx_word' id='word_1_67' title='bbox 422 1122 548 1152; x_wconf 84' lang='lat' dir='ltr'>vestes</span> <span class='ocrx_word' id='word_1_68' title='bbox 579 1115 726 1153; x_wconf 82' lang='lat' dir='ltr'>murice</span> <span class='ocrx_word' id='word_1_69' title='bbox 741 1130 752 1163; x_wconf 78' lang='lat'><em>3</em></span> 
     </span>
     <span class='ocr_line' id='line_1_16' title="bbox 129 1179 1153 1230; baseline 0.002 -13"><span class='ocrx_word' id='word_1_70' title='bbox 129 1181 264 1229; x_wconf 83' lang='lat' dir='ltr'>procul</span> <span class='ocrx_word' id='word_1_71' title='bbox 295 1179 477 1218; x_wconf 87' lang='lat' dir='ltr'>horridus</span> <span class='ocrx_word' id='word_1_72' title='bbox 509 1180 706 1218; x_wconf 85' lang='lat' dir='ltr'>Liburnus</span> <span class='ocrx_word' id='word_1_73' title='bbox 736 1188 774 1219; x_wconf 91' lang='lat' dir='ltr'>et</span> <span class='ocrx_word' id='word_1_74' title='bbox 804 1182 990 1230; x_wconf 83' lang='lat' dir='ltr'>querulus</span> <span class='ocrx_word' id='word_1_75' title='bbox 1021 1181 1153 1228; x_wconf 88' lang='lat' dir='ltr'>cliens,</span> 
     </span>
     <span class='ocr_line' id='line_1_17' title="bbox 182 1245 771 1296; baseline 0.003 -14"><span class='ocrx_word' id='word_1_76' title='bbox 182 1245 345 1295; x_wconf 88' lang='lat' dir='ltr'>imperia</span> <span class='ocrx_word' id='word_1_77' title='bbox 374 1245 580 1284; x_wconf 87' lang='lat' dir='ltr'>viduarum</span> <span class='ocrx_word' id='word_1_78' title='bbox 611 1248 771 1296; x_wconf 74' lang='lat' dir='ltr'>procul3</span> 
     </span>
     <span class='ocr_line' id='line_1_18' title="bbox 129 1312 1459 1362; baseline 0.004 -15"><span class='ocrx_word' id='word_1_79' title='bbox 129 1324 209 1350; x_wconf 92' lang='lat' dir='ltr'>non</span> <span class='ocrx_word' id='word_1_80' title='bbox 239 1319 393 1361; x_wconf 88' lang='lat' dir='ltr'>rumpet</span> <span class='ocrx_word' id='word_1_81' title='bbox 423 1313 546 1350; x_wconf 84' lang='lat' dir='ltr'>altum</span> <span class='ocrx_word' id='word_1_82' title='bbox 576 1312 747 1362; x_wconf 85' lang='lat' dir='ltr'>pallidus</span> <span class='ocrx_word' id='word_1_83' title='bbox 777 1326 962 1351; x_wconf 83' lang='lat' dir='ltr'>somnum</span> <span class='ocrx_word' id='word_1_84' title='bbox 994 1327 1091 1360; x_wconf 83' lang='lat' dir='ltr'>reus,</span> <span class='ocrx_word' id='word_1_85' title='bbox 1423 1330 1459 1359; x_wconf 72' lang='lat'>35</span> 
     </span>
     <span class='ocr_line' id='line_1_19' title="bbox 182 1377 770 1416; baseline 0.003 -2"><span class='ocrx_word' id='word_1_86' title='bbox 182 1377 251 1415; x_wconf 82' lang='lat' dir='ltr'>sed</span> <span class='ocrx_word' id='word_1_87' title='bbox 282 1390 398 1415; x_wconf 81' lang='lat' dir='ltr'>mane</span> <span class='ocrx_word' id='word_1_88' title='bbox 428 1385 555 1415; x_wconf 83' lang='lat' dir='ltr'>totum</span> <span class='ocrx_word' id='word_1_89' title='bbox 586 1378 770 1416; x_wconf 86' lang='lat' dir='ltr'>dormies.</span> 
     </span>
     <span class='ocr_line' id='line_1_20' title="bbox 132 1442 1113 1493; baseline 0.002 -14"><span class='ocrx_word' id='word_1_90' title='bbox 132 1443 330 1480; x_wconf 73' lang='lat' dir='ltr'>Mereatur</span> <span class='ocrx_word' id='word_1_91' title='bbox 358 1442 456 1480; x_wconf 90' lang='lat' dir='ltr'>alius</span> <span class='ocrx_word' id='word_1_92' title='bbox 485 1444 633 1492; x_wconf 80' lang='lat' dir='ltr'>grande</span> <span class='ocrx_word' id='word_1_93' title='bbox 662 1451 700 1481; x_wconf 87' lang='lat' dir='ltr'>et</span> <span class='ocrx_word' id='word_1_94' title='bbox 730 1443 911 1481; x_wconf 85' lang='lat' dir='ltr'>insanum</span> <span class='ocrx_word' id='word_1_95' title='bbox 943 1445 1113 1493; x_wconf 83' lang='lat' dir='ltr'>sophos:</span> 
     </span>
     <span class='ocr_line' id='line_1_21' title="bbox 182 1508 638 1547; baseline 0.002 -2"><span class='ocrx_word' id='word_1_96' title='bbox 182 1508 364 1547; x_wconf 83' lang='lat' dir='ltr'>miserere</span> <span class='ocrx_word' id='word_1_97' title='bbox 394 1517 434 1546; x_wconf 88' lang='lat' dir='ltr'>tu</span> <span class='ocrx_word' id='word_1_98' title='bbox 465 1508 638 1547; x_wconf 87' lang='lat' dir='ltr'>felicium</span> 
     </span>
     <span class='ocr_line' id='line_1_22' title="bbox 128 1574 976 1624; baseline 0.001 -13"><span class='ocrx_word' id='word_1_99' title='bbox 128 1587 299 1624; x_wconf 73' lang='lat' dir='ltr'>veroque</span> <span class='ocrx_word' id='word_1_100' title='bbox 328 1575 454 1612; x_wconf 87' lang='lat' dir='ltr'>fruere</span> <span class='ocrx_word' id='word_1_101' title='bbox 484 1588 564 1612; x_wconf 88' lang='lat' dir='ltr'>non</span> <span class='ocrx_word' id='word_1_102' title='bbox 595 1575 788 1624; x_wconf 89' lang='lat' dir='ltr'>superbus</span> <span class='ocrx_word' id='word_1_103' title='bbox 817 1574 976 1624; x_wconf 76' lang='lat' dir='ltr'>gaudio,</span> 
     </span>
     <span class='ocr_line' id='line_1_23' title="bbox 181 1640 1461 1687; baseline 0.001 -10"><span class='ocrx_word' id='word_1_104' title='bbox 181 1640 276 1677; x_wconf 88' lang='lat' dir='ltr'>dum</span> <span class='ocrx_word' id='word_1_105' title='bbox 307 1641 405 1677; x_wconf 87' lang='lat' dir='ltr'>Sura</span> <span class='ocrx_word' id='word_1_106' title='bbox 435 1641 615 1678; x_wconf 82' lang='lat' dir='ltr'>laudatur</span> <span class='ocrx_word' id='word_1_107' title='bbox 645 1648 747 1678; x_wconf 87' lang='lat' dir='ltr'>tuus.</span> <span class='ocrx_word' id='word_1_108' title='bbox 1419 1657 1461 1687; x_wconf 65' lang='lat'>40</span> 
     </span>
     <span class='ocr_line' id='line_1_24' title="bbox 128 1703 1137 1754; baseline 0.001 -13"><span class='ocrx_word' id='word_1_109' title='bbox 128 1717 206 1742; x_wconf 89' lang='lat' dir='ltr'>non</span> <span class='ocrx_word' id='word_1_110' title='bbox 238 1703 475 1754; x_wconf 80' lang='lat' dir='ltr'>inpudenter</span> <span class='ocrx_word' id='word_1_111' title='bbox 504 1704 582 1742; x_wconf 90' lang='lat' dir='ltr'>vita</span> <span class='ocrx_word' id='word_1_112' title='bbox 611 1706 720 1754; x_wconf 90' lang='lat' dir='ltr'>quod</span> <span class='ocrx_word' id='word_1_113' title='bbox 750 1704 911 1743; x_wconf 83' lang='lat' dir='ltr'>relicum</span> <span class='ocrx_word' id='word_1_114' title='bbox 942 1712 999 1743; x_wconf 84' lang='lat' dir='ltr'>est</span> <span class='ocrx_word' id='word_1_115' title='bbox 1029 1704 1137 1754; x_wconf 86' lang='lat' dir='ltr'>petit,</span> 
     </span>
     <span class='ocr_line' id='line_1_25' title="bbox 181 1769 911 1820; baseline 0.001 -13"><span class='ocrx_word' id='word_1_116' title='bbox 181 1782 270 1807; x_wconf 88' lang='lat' dir='ltr'>cum</span> <span class='ocrx_word' id='word_1_117' title='bbox 302 1771 405 1807; x_wconf 88' lang='lat' dir='ltr'>fama</span> <span class='ocrx_word' id='word_1_118' title='bbox 433 1771 542 1820; x_wconf 89' lang='lat' dir='ltr'>quod</span> <span class='ocrx_word' id='word_1_119' title='bbox 572 1769 664 1808; x_wconf 85' lang='lat' dir='ltr'>satis</span> <span class='ocrx_word' id='word_1_120' title='bbox 694 1778 751 1808; x_wconf 86' lang='lat' dir='ltr'>est</span> <span class='ocrx_word' id='word_1_121' title='bbox 781 1770 911 1808; x_wconf 85' lang='lat' dir='ltr'>habet.</span> 
     </span>
    </p>
   </div>
   <div class='ocr_carea' id='block_1_3' title="bbox 670 1896 702 1933">
    <p class='ocr_par' dir='ltr' id='par_1_3' title="bbox 670 1896 702 1933">
     <span class='ocr_line' id='line_1_26' title="bbox 670 1896 702 1933; baseline 0 0"><span class='ocrx_word' id='word_1_122' title='bbox 670 1896 702 1933; x_wconf 95' lang='lat' dir='ltr'>L</span> 
     </span>
    </p>
   </div>
   <div class='ocr_carea' id='block_1_4' title="bbox 128 1975 1125 2090">
    <p class='ocr_par' dir='ltr' id='par_1_4' title="bbox 128 1975 1125 2090">
     <span class='ocr_line' id='line_1_27' title="bbox 128 1975 1125 2024; baseline 0.001 -12"><span class='ocrx_word' id='word_1_123' title='bbox 128 1975 167 2012; x_wconf 71' lang='lat' dir='ltr'>si</span> <span class='ocrx_word' id='word_1_124' title='bbox 198 1975 268 2013; x_wconf 89' lang='lat' dir='ltr'>tibi</span> <span class='ocrx_word' id='word_1_125' title='bbox 300 1975 496 2024; x_wconf 84' lang='lat' dir='ltr'>Mistyllos</span> <span class='ocrx_word' id='word_1_126' title='bbox 526 1989 659 2023; x_wconf 81' lang='lat' dir='ltr'>cocus,</span> <span class='ocrx_word' id='word_1_127' title='bbox 689 1975 922 2022; x_wconf 88' lang='lat' dir='ltr'>Aemiliane,</span> <span class='ocrx_word' id='word_1_128' title='bbox 954 1983 1125 2023; x_wconf 85' lang='lat' dir='ltr'>vocatur,</span> 
     </span>
     <span class='ocr_line' id='line_1_28' title="bbox 183 2039 978 2090; baseline 0.001 -13"><span class='ocrx_word' id='word_1_129' title='bbox 183 2039 334 2078; x_wconf 86' lang='lat' dir='ltr'>dicatur</span> <span class='ocrx_word' id='word_1_130' title='bbox 363 2054 483 2090; x_wconf 88' lang='lat' dir='ltr'>quare</span> <span class='ocrx_word' id='word_1_131' title='bbox 514 2054 593 2079; x_wconf 90' lang='lat' dir='ltr'>non</span> <span class='ocrx_word' id='word_1_132' title='bbox 624 2042 821 2079; x_wconf 85' lang='lat' dir='ltr'>Taratalla</span> <span class='ocrx_word' id='word_1_133' title='bbox 849 2040 978 2079; x_wconf 81' lang='lat' dir='ltr'>mihi?</span> 
     </span>
    </p>
   </div>
   <div class='ocr_carea' id='block_1_5' title="bbox 128 2142 1461 2393">
    <p class='ocr_par' dir='ltr' id='par_1_5' title="bbox 128 2142 1461 2358">
     <span class='ocr_line' id='line_1_29' title="bbox 171 2142 1461 2183; baseline 0.001 -11"><span class='ocrx_word' id='word_1_134' title='bbox 171 2152 207 2172; x_wconf 76' lang='lat'>21</span> <span class='ocrx_word' id='word_1_135' title='bbox 236 2148 397 2182; x_wconf 81' lang='lat' dir='ltr'>repetens</span> <span class='ocrx_word' id='word_1_136' title='bbox 421 2143 499 2173; x_wconf 65' lang='lat' dir='ltr'>BA:</span> <span class='ocrx_word' id='word_1_137' title='bbox 540 2148 677 2183; x_wconf 83' lang='lat' dir='ltr'>repetes</span> <span class='ocrx_word' id='word_1_138' title='bbox 704 2144 753 2174; x_wconf 80' lang='lat' dir='ltr'>CA</span> <span class='ocrx_word' id='word_1_139' title='bbox 980 2153 1021 2172; x_wconf 82' lang='lat'>22</span> <span class='ocrx_word' id='word_1_140' title='bbox 1045 2143 1243 2174; x_wconf 86' lang='lat' dir='ltr'>lacetaniam</span> <span class='ocrx_word' id='word_1_141' title='bbox 1268 2142 1342 2174; x_wconf 63' lang='lat' dir='ltr'>BA:</span> <span class='ocrx_word' id='word_1_142' title='bbox 1383 2143 1461 2173; x_wconf 79' lang='lat' dir='ltr'>lale-</span> 
     </span>
     <span class='ocr_line' id='line_1_30' title="bbox 128 2186 1458 2226; baseline 0.001 -11"><span class='ocrx_word' id='word_1_143' title='bbox 128 2186 253 2216; x_wconf 79' lang='lat' dir='ltr'>taniam</span> <span class='ocrx_word' id='word_1_144' title='bbox 273 2187 321 2217; x_wconf 74' lang='lat' dir='ltr'>CA</span> <span class='ocrx_word' id='word_1_145' title='bbox 338 2198 345 2217; x_wconf 91' lang='lat'>:</span> <span class='ocrx_word' id='word_1_146' title='bbox 370 2187 586 2217; x_wconf 81' lang='lat' dir='ltr'>Lacetaniam</span> <span class='ocrx_word' id='word_1_147' title='bbox 604 2187 836 2218; x_wconf 69' lang='lat' dir='ltr'>Fricdlaender</span> <span class='ocrx_word' id='word_1_148' title='bbox 923 2197 963 2225; x_wconf 83' lang='lat'>23</span> <span class='ocrx_word' id='word_1_149' title='bbox 987 2188 1128 2217; x_wconf 79' lang='lat' dir='ltr'>dammis</span> <span class='ocrx_word' id='word_1_150' title='bbox 1147 2187 1265 2226; x_wconf 78' lang='lat' dir='ltr'>plagas</span> <span class='ocrx_word' id='word_1_151' title='bbox 1284 2187 1332 2217; x_wconf 76' lang='lat' dir='ltr'>CA</span> <span class='ocrx_word' id='word_1_152' title='bbox 1421 2197 1458 2224; x_wconf 74' lang='lat'>24</span> 
     </span>
     <span class='ocr_line' id='line_1_31' title="bbox 128 2230 1456 2267; baseline 0 -8"><span class='ocrx_word' id='word_1_153' title='bbox 128 2240 252 2260; x_wconf 81' lang='lat' dir='ltr'>vernos</span> <span class='ocrx_word' id='word_1_154' title='bbox 268 2230 322 2259; x_wconf 69' lang='lat' dir='ltr'>BA</span> <span class='ocrx_word' id='word_1_155' title='bbox 538 2232 580 2262; x_wconf 87' lang='lat'>28</span> <span class='ocrx_word' id='word_1_156' title='bbox 605 2232 750 2262; x_wconf 88' lang='lat' dir='ltr'>cinctum</span> <span class='ocrx_word' id='word_1_157' title='bbox 775 2231 849 2261; x_wconf 77' lang='lat' dir='ltr'>Ital.</span> <span class='ocrx_word' id='word_1_158' title='bbox 867 2242 873 2261; x_wconf 92' lang='lat'><strong>:</strong></span> <span class='ocrx_word' id='word_1_159' title='bbox 900 2231 1030 2261; x_wconf 87' lang='lat' dir='ltr'>cinctus</span> <span class='ocrx_word' id='word_1_160' title='bbox 1046 2231 1132 2262; x_wconf 84' lang='lat' dir='ltr'>codd.</span> <span class='ocrx_word' id='word_1_161' title='bbox 1155 2231 1190 2267; x_wconf 78' lang='lat' dir='ltr'>(i.</span> <span class='ocrx_word' id='word_1_162' title='bbox 1202 2241 1225 2262; x_wconf 87' lang='lat' dir='ltr'>e.</span> <span class='ocrx_word' id='word_1_163' title='bbox 1245 2231 1354 2260; x_wconf 83' lang='lat' dir='ltr'>focum</span> <span class='ocrx_word' id='word_1_164' title='bbox 1371 2241 1377 2267; x_wconf 72' lang='grc' dir='ltr'><strong>ς</strong></span> <span class='ocrx_word' id='word_1_165' title='bbox 1395 2253 1402 2259; x_wconf 91' lang='grc'><strong>.</strong></span> <span class='ocrx_word' id='word_1_166' title='bbox 1423 2254 1430 2260; x_wconf 91' lang='grc'><strong>.</strong></span> <span class='ocrx_word' id='word_1_167' title='bbox 1451 2255 1456 2259; x_wconf 92' lang='grc'>.</span> 
     </span>
     <span class='ocr_line' id='line_1_32' title="bbox 128 2273 1459 2313; baseline -0.001 -11"><span class='ocrx_word' id='word_1_168' title='bbox 128 2273 257 2304; x_wconf 82' lang='lat' dir='ltr'>cinctus</span> <span class='ocrx_word' id='word_1_169' title='bbox 274 2273 414 2304; x_wconf 83' lang='lat' dir='ltr'>sordido</span> <span class='ocrx_word' id='word_1_170' title='bbox 432 2285 504 2306; x_wconf 90' lang='lat' dir='ltr'>voc.</span> <span class='ocrx_word' id='word_1_171' title='bbox 524 2276 616 2310; x_wconf 65' lang='lat' dir='ltr'>ven.)</span> <span class='ocrx_word' id='word_1_172' title='bbox 717 2285 759 2313; x_wconf 89' lang='lat'>29</span> <span class='ocrx_word' id='word_1_173' title='bbox 783 2274 963 2305; x_wconf 83' lang='lat' dir='ltr'>venabitur</span> <span class='ocrx_word' id='word_1_174' title='bbox 979 2279 1119 2304; x_wconf 85' lang='lat' dir='ltr'>uocatus</span> <span class='ocrx_word' id='word_1_175' title='bbox 1139 2274 1188 2305; x_wconf 76' lang='lat' dir='ltr'>CA</span> <span class='ocrx_word' id='word_1_176' title='bbox 1279 2283 1319 2312; x_wconf 81' lang='lat'>37</span> <span class='ocrx_word' id='word_1_177' title='bbox 1343 2283 1459 2303; x_wconf 77' lang='lat' dir='ltr'>sanum</span> 
     </span>
     <span class='ocr_line' id='line_1_33' title="bbox 128 2316 1066 2358; baseline 0.003 -13"><span class='ocrx_word' id='word_1_178' title='bbox 128 2316 183 2345; x_wconf 74' lang='lat' dir='ltr'>BA</span> <span class='ocrx_word' id='word_1_179' title='bbox 201 2322 276 2356; x_wconf 50' lang='lat' dir='ltr'>&lt;pro</span> <span class='ocrx_word' id='word_1_180' title='bbox 294 2317 442 2358; x_wconf 82' lang='lat' dir='ltr'>isanum)</span> <span class='ocrx_word' id='word_1_181' title='bbox 574 2329 615 2356; x_wconf 86' lang='lat'>42</span> <span class='ocrx_word' id='word_1_182' title='bbox 639 2329 738 2358; x_wconf 90' lang='lat' dir='ltr'>quem</span> <span class='ocrx_word' id='word_1_183' title='bbox 756 2318 811 2348; x_wconf 77' lang='lat' dir='ltr'>BA</span> <span class='ocrx_word' id='word_1_184' title='bbox 837 2318 912 2358; x_wconf 79' lang='lat' dir='ltr'>(pro</span> <span class='ocrx_word' id='word_1_185' title='bbox 929 2328 1029 2357; x_wconf 86' lang='lat' dir='ltr'>quom</span> <span class='ocrx_word' id='word_1_186' title='bbox 1042 2320 1066 2358; x_wconf 72' lang='lat'>3)</span> 
     </span>
    </p>

    <p class='ocr_par' dir='ltr' id='par_1_6' title="bbox 173 2360 705 2393">
     <span class='ocr_line' id='line_1_34' title="bbox 173 2360 705 2393; baseline 0.006 -3"><span class='ocrx_word' id='word_1_187' title='bbox 173 2360 197 2390; x_wconf 85' lang='lat' dir='ltr'>L</span> <span class='ocrx_word' id='word_1_188' title='bbox 222 2361 295 2391; x_wconf 80' lang='lat' dir='ltr'>lzab.</span> <span class='ocrx_word' id='word_1_189' title='bbox 323 2360 352 2390; x_wconf 90' lang='lat' dir='ltr'><em>T</em></span> <span class='ocrx_word' id='word_1_190' title='bbox 479 2371 498 2391; x_wconf 84' lang='lat'><strong>2</strong></span> <span class='ocrx_word' id='word_1_191' title='bbox 523 2361 656 2393; x_wconf 87' lang='lat' dir='ltr'>dicetur</span> <span class='ocrx_word' id='word_1_192' title='bbox 672 2362 705 2392; x_wconf 84' lang='lat' dir='ltr'><em>P</em></span> 
     </span>
    </p>
   </div>
  </div>
 </body>
</html>
