1684 2763
225 137 283 174 M.
314 137 436 175 VAL.
471 137 785 176 MARTIALIS

703 259 847 297 XLIII

224 342 473 391 Deprensum
502 339 542 377 in
571 353 693 390 puero
722 339 866 378 tetricis
896 353 959 378 me
988 340 1164 388 vocibus,
1194 354 1300 388 uxor,

276 404 434 455 corripis
464 412 502 443 et
530 406 663 443 culum
692 412 730 443 te
759 417 918 455 quoque
947 406 1091 444 habere
1119 407 1247 444 refers.

222 469 317 508 dixit
345 469 451 508 idem
481 469 663 519 quotiens
692 469 836 508 lascivo
867 471 970 508 Iuno
998 470 1201 508 Tonanti?

275 535 339 573 ille
368 542 500 572 tamen
529 534 666 583 grandi
695 548 785 572 cum
817 535 1049 583 Ganymede
1078 535 1189 574 iacet.

222 599 450 638 incurvabat
480 600 614 648 Hylan
645 598 773 648 posito
801 598 1029 648 Tirynthius
1058 612 1173 637 arcu:
1534 619 1550 649 5

276 672 317 702 tu
350 665 537 713 Megaran
568 663 694 701 credis
723 676 804 701 non
834 663 1018 701 habuisse
1047 663 1180 702 natis?

223 728 430 778 torquebat
460 728 668 766 Phoebum
699 729 870 777 Daphne
898 728 1081 778 fugitiva:
1121 730 1190 768 sed
1220 729 1304 768 illas

278 793 469 832 Oebalius
499 794 680 831 flammas
710 792 819 831 iussit
848 793 955 832 abire
985 807 1092 843 puer.

226 858 368 896 Briseis
398 859 565 896 multum
596 857 774 907 quamvis
802 871 937 897 aversa
966 858 1119 905 iaceret,

277 922 476 961 Aeacidae
505 922 664 973 propior
693 922 787 961 levis
816 922 966 961 amicus
996 931 1086 961 erat.
1516 940 1552 962 ιο

226 990 346 1026 Parce
376 987 451 1025 tuis
481 987 597 1037 igitur
626 988 719 1026 dare
748 989 923 1025 mascula
953 987 1115 1026 nomina
1144 988 1260 1026 rebus

278 1060 395 1102 teque
424 1060 519 1102 puta
548 1065 711 1098 cunnos,
744 1066 850 1099 uxor,
882 1052 1027 1091 habere
1057 1053 1168 1091 duos.

707 1162 843 1198 XLIV

225 1238 356 1277 Orbus
385 1250 426 1275 es
455 1244 493 1275 et
522 1237 697 1286 locuples
726 1244 764 1275 et
794 1238 915 1274 Bruto
945 1238 1107 1275 consule
1136 1245 1272 1276 natus:

279 1316 363 1341 esse
393 1302 463 1340 tibi
492 1314 601 1339 veras
631 1301 756 1339 credis
785 1300 1006 1339 amicitias?

225 1375 315 1405 sunt
344 1379 467 1412 verae,
499 1367 567 1405 sed
599 1378 695 1415 quas
725 1365 889 1413 iuvenis,
919 1379 1015 1415 quas
1045 1379 1193 1417 pauper
1221 1367 1406 1405 habebas.

280 1432 344 1482 qui
375 1444 500 1469 novus
530 1438 597 1476 est,
631 1438 797 1469 mortem
827 1430 952 1480 diligit
981 1430 1044 1469 ille
1074 1439 1192 1470 tuam.

724 1545 837 1582 XLV

228 1622 384 1660 Intrasti
414 1621 596 1672 quotiens
626 1620 833 1670 inscriptae
863 1620 998 1658 limina
1026 1622 1157 1668 cellae,

280 1701 347 1726 seu
377 1700 473 1737 puer
502 1685 635 1724 adrisit
665 1685 745 1724 sive
775 1687 904 1735 puella
933 1685 1015 1733 tibi,

226 1759 434 1790 contentus
464 1764 544 1788 non
574 1763 614 1788 es
645 1750 791 1788 foribus
821 1752 988 1800 veloque
1018 1763 1192 1799 seraque,

279 1823 552 1865 secretumque
582 1814 692 1852 iubes
721 1814 905 1864 grandius
934 1828 1019 1853 esse
1048 1814 1144 1853 tibi:

226 1880 412 1919 oblinitur
440 1879 626 1917 minimae
656 1878 686 1916 si
716 1892 793 1928 qua
822 1886 880 1916 est
909 1878 1079 1928 suspicio
1108 1878 1227 1916 rimae
1535 1897 1552 1927 5

280 1953 505 1996 punctaque
534 1943 677 1982 lasciva
707 1957 807 1993 quae
837 1943 1079 1982 terebrantur
1108 1956 1191 1981 acu.

229 2012 359 2049 Nemo
388 2016 446 2048 est
474 2016 553 2046 tam
583 2008 705 2046 teneri
735 2016 813 2046 tam
843 2008 1077 2057 sollicitique
1106 2008 1266 2058 pudoris

281 2074 348 2124 qui
376 2075 436 2112 vel
466 2073 632 2124 pedicat,
667 2074 873 2119 Canthare‚
906 2074 967 2111 vel
996 2072 1123 2110 futuit.

272 2175 386 2207 XLIII
411 2186 460 2207 vv.
484 2186 552 2210 1—2.
573 2185 656 2215 9-12
681 2174 754 2206 lzab.
779 2175 809 2205 T
950 2184 969 2214 5
993 2180 1065 2205 artu
1086 2174 1134 2205 CA
1152 2175 1234 2214 (non
1252 2174 1302 2214 A)
1450 2186 1466 2214 7
1491 2176 1551 2206 sed

227 2221 316 2260 illas]
335 2220 480 2251 sebellas
498 2219 547 2249 CA
650 2229 670 2258 9
694 2219 847 2249 haeresei
865 2218 966 2248 multo
989 2218 1018 2248 T
1120 2228 1158 2249 10
1182 2219 1320 2257 propior
1341 2217 1456 2249 Tante
1471 2229 1550 2250 corr.

228 2264 306 2300 LfA
398 2263 492 2293 levus
515 2263 544 2292 T
656 2272 691 2291 12
716 2268 883 2292 monstros
900 2262 958 2291 ΑΑ
977 2263 1056 2302 (pro
1075 2266 1219 2295 cunnos)

273 2306 385 2336 XLIV
407 2306 478 2337 hah.
504 2306 533 2335 T
615 2315 635 2343 3
658 2305 776 2345 uerae]
795 2306 866 2335 iure
890 2305 919 2334 T

273 2350 366 2379 XLV
389 2359 451 2387 3-4
476 2360 541 2379 ont.
566 2348 620 2378 ΒΑ
641 2350 789 2389 (propter
801 2348 983 2379 lzomoeotel.
1002 2348 1073 2387 tibi)
1175 2357 1194 2386 5
1220 2348 1374 2387 suspicor
1390 2348 1487 2387 (-ci0r
1502 2346 1550 2386 X)

230 2395 314 2423 imae
333 2392 381 2423 CA
401 2396 481 2432 (non
498 2392 551 2432 X)
