1684 2763
175 137 229 173 M.
262 135 383 172 VAL.
417 134 729 172 MARTIALIS

174 255 213 285 tu
244 246 414 284 tenebris
443 247 613 295 gaudes:
652 259 715 283 me
743 246 877 283 ludere
906 251 1004 282 teste
1034 245 1190 282 lucerna
1483 259 1499 290 5

228 319 266 350 et
294 311 400 349 iuvat
429 310 602 349 admissa
630 323 810 360 rumpere
839 311 926 347 luce
955 311 1065 347 latus.

175 377 294 415 fascia
323 384 360 414 te
390 375 625 425 tunicaeque
655 376 901 424 obscuraque
930 374 1046 424 pallia
1075 375 1224 412 celant:

228 450 266 479 at
298 441 391 478 mihi
421 442 528 478 nulla
555 440 646 478 satis
676 441 782 478 nuda
811 441 940 489 puella
969 439 1078 477 iacet.

176 507 283 545 basia
314 520 376 544 me
406 505 565 555 capiunt
594 506 760 543 blandas
790 504 940 542 imitata
969 504 1195 542 columbas:

233 580 270 609 tu
301 571 397 608 mihi
427 572 496 608 das
525 569 633 608 aviae
663 569 793 619 qualia
822 582 937 606 mane
966 570 1078 606 soles.
1465 583 1500 604 10

178 650 249 674 nec
280 643 388 673 motu
418 634 588 684 dignaris
617 647 717 683 opus
746 647 819 671 nec
847 632 1103 682 voce-iuvare

231 714 303 738 nec
333 699 473 749 digitis,
505 707 706 748 tamquam
737 706 822 735 tura
852 710 1082 746 merumque
1112 710 1245 746 pares:

180 765 520 803 masturbabantur
551 763 705 813 Phrygii
735 770 823 812 post
853 762 952 800 ostia
981 762 1090 808 servi,

234 832 435 868 Hectoreo
465 828 648 878 quotiens
678 829 830 866 sederat
860 841 955 865 uxor
984 840 1099 877 equo,

179 903 216 933 et
246 894 423 944 quamvis
454 895 593 931 Ithaco
623 900 807 931 stertente
836 891 981 942 pudica
1010 891 1161 929 solebat
1466 905 1502 936 15

232 959 309 997 illic
340 960 537 1008 Penelope
567 971 721 1007 semper
749 958 893 995 habere
922 970 1094 994 manum.

180 1024 361 1074 pedicare
390 1037 531 1073 negas:
570 1023 689 1061 dabat
718 1024 794 1060 hoc
825 1021 1008 1061 Cornelia
1038 1022 1228 1068 Graccho,

237 1088 336 1126 Iulia
366 1087 566 1137 Pompeio,
600 1086 748 1133 Porcia,
782 1088 910 1132 Brute,
943 1085 1037 1132 tibi,

182 1150 312 1188 dulcia
344 1149 544 1187 Dardanio
574 1149 753 1186 nondum
784 1147 973 1185 miscente
1004 1146 1179 1184 ministro

235 1216 377 1265 pocula
407 1216 509 1252 Iuno
539 1213 609 1251 fuit
639 1226 709 1263 pro
739 1213 970 1262 Ganymede
1005 1211 1100 1249 Iovi.
1468 1225 1507 1245 20

184 1280 222 1317 Si
253 1287 290 1317 te
319 1280 488 1317 delectat
518 1277 694 1327 gravitas,
728 1277 908 1314 Lucretia
937 1284 1021 1314 toto

236 1344 286 1381 sis
318 1344 406 1382 licet
437 1356 560 1392 usque
590 1342 666 1389 die,
698 1341 823 1379 Laida
852 1349 968 1379 nocte
997 1342 1098 1378 volo.

705 1441 777 1479 CV

190 1518 376 1556 Mittebas
406 1518 555 1564 libram,
587 1518 857 1566 quadrantem,
891 1515 1059 1561 Garrice,
1091 1514 1221 1552 mittis.

240 1585 377 1621 saltem
408 1582 622 1628 semissem,
654 1581 823 1627 Garrice,
856 1582 962 1618 solve
992 1579 1097 1617 mihi.

695 1681 790 1719 CVI

298 1757 388 1794 Vibi
420 1756 605 1803 Maxime,
636 1756 666 1793 si
696 1769 810 1793 vacas
839 1757 989 1801 havere,

298 1823 372 1859 hoc
402 1829 555 1859 tantum
584 1822 692 1870 lege:
731 1833 902 1868 namque
932 1827 970 1857 et
999 1826 1215 1868 occupatus

297 1894 335 1924 et
364 1900 445 1924 non
475 1899 515 1923 es
546 1884 710 1922 nimium
740 1884 967 1922 laboriosus.

299 1950 458 1989 Transis
488 1951 560 1988 hos
591 1962 749 1999 quoque
780 1950 991 1998 quattuor?
1029 1947 1173 1998 sapisti.

235 2058 255 2086 8
277 2055 367 2086 nulla
382 2055 464 2085 satis
477 2054 565 2084 nulla
582 2052 645 2084 TL
660 2056 733 2082 (mse
744 2052 870 2090 coms:
890 2052 977 2081 nuda
991 2051 1072 2081 satis
1087 2050 1177 2080 nulla
1189 2048 1217 2079 L
1232 2060 1270 2080 ex
1282 2060 1360 2080 corr.
1404 2049 1514 2087 placet

200 2100 228 2130 T
243 2099 371 2140 (etjbrt.
390 2098 467 2139 ΑΛ)
487 2109 494 2128 :
516 2098 602 2127 iacet
615 2095 724 2126 ΒΑΕΑ
812 2105 850 2125 10
872 2095 947 2125 auia
965 2093 1023 2123 ΛΑ
1039 2106 1046 2124 :
1069 2094 1145 2124 aule
1162 2092 1218 2122 BA
1265 2093 1351 2123 solet
1368 2091 1427 2122 ΛΑ
1446 2093 1517 2132 (vix

190 2148 250 2183 pro
266 2142 390 2181 solent)
529 2151 565 2170 12
591 2149 689 2179 paras
707 2142 743 2168 ut
756 2138 819 2169 vid.
842 2138 871 2168 T
884 2138 1015 2179 (alfort.
1032 2136 1105 2176 ΑΛ)
1250 2146 1287 2174 14
1311 2136 1470 2166 seddaret
1492 2135 1521 2164 T

199 2195 234 2224 15
258 2186 374 2224 quavis
397 2184 426 2214 T
612 2193 647 2221 17
672 2192 793 2221 gracco
810 2182 864 2211 ΒΑ
1060 2190 1098 2210 21
1127 2184 1196 2210 tota
1213 2179 1292 2210 AA:
1319 2184 1391 2210 toto
1406 2177 1516 2209 ΒΑΕΑ

195 2229 254 2259 CV
275 2228 347 2259 lmb.
368 2228 396 2258 T
441 2237 467 2266 1,
488 2237 507 2257 2
531 2227 638 2258 carice
655 2225 798 2266 AA(sed
807 2226 839 2255 in
853 2225 964 2255 lenmz.
982 2233 1028 2254 AD
1046 2224 1244 2263 GARRicvm)
1255 2223 1309 2253 ΒΑ
1442 2221 1515 2252 CVI

887 2276 904 2292 u

201 2316 211 2335 1
238 2305 304 2335 Vbi
331 2304 380 2335 CA
477 2304 624 2334 habuere
648 2302 702 2333 ΒΑ
721 2303 801 2342 (pro
817 2302 953 2338 habere,
971 2301 989 2332 i.
1001 2311 1025 2331 e.
1044 2301 1122 2331 hab·
1139 2310 1216 2331 corr.
1238 2300 1333 2339 hav-)
1350 2310 1357 2329 ε
1392 2298 1517 2328 habere

198 2348 247 2379 (ΓΑ
350 2358 368 2377 2
387 2348 466 2387 hoc]
494 2347 526 2377 H
545 2351 581 2377 ut
597 2347 660 2378 vid.
677 2347 731 2376 ΒΑ
749 2346 807 2386 (ita
824 2345 873 2376 L:
901 2346 976 2375 Non
996 2344 1046 2384 Q:
1072 2344 1148 2374 Hoc
1167 2343 1232 2384 Pf)
1342 2354 1361 2381 4
1386 2342 1449 2372 hoc
1469 2341 1517 2371 CA

197 2391 324 2431 sapisti]
343 2391 370 2422 si
387 2391 478 2430 sapis
496 2389 551 2419 BA
568 2392 648 2431 (pro
664 2390 784 2429 sapissi
796 2390 823 2430 2)
