1684 2763
215 139 271 176 M.
303 139 425 175 VAL.
458 137 770 175 MARTIALIS

535 251 685 288 XXXI.
723 250 855 288 Culter
880 249 1108 287 venatorius.

217 325 256 364 Si
286 325 438 364 deiecta
466 339 598 376 gemas
627 327 746 375 longo
774 325 969 363 venabula
997 332 1131 370 rostro,

271 390 334 429 hic
363 390 490 429 brevis
520 390 719 440 ingentem
753 389 976 428 comminus
1006 388 1077 427 ibit
1105 401 1255 437 aprum.

585 488 758 524 XXXII.
790 487 1067 524 Parazonium.

221 563 385 602 Militiae
415 564 536 602 decus
565 564 641 600 hoc
670 561 845 612 gratique
875 560 945 599 erit
974 574 1093 598 omen
1122 559 1293 605 honoris,

272 641 379 665 arma
407 627 659 665 tribunicium
689 625 843 675 cingere
873 624 991 673 digna
1020 626 1130 662 latus.

648 725 846 762 XXXIII.
877 724 1012 772 Pugio.

223 801 356 851 Pugio,
388 815 506 851 quen]
537 814 654 839 curva
683 800 808 849 signat
838 798 965 837 brevis
995 798 1122 836 orbita
1150 812 1263 836 vena.

274 866 502 904 stridentem
532 865 670 915 gelidis
700 866 806 902 hunc
836 865 926 902 Salo
956 862 1068 900 tinxit
1097 863 1220 913 aquis.

650 964 840 1000 XXXIV.
872 963 990 999 Falx.

224 1043 301 1078 Pax
332 1054 393 1077 me
422 1047 526 1078 certa
556 1038 666 1077 ducis
696 1038 872 1088 placidos
901 1035 1073 1075 curvavit
1102 1036 1140 1073 in
1171 1049 1276 1074 usus.

275 1104 466 1154 agricolae
496 1117 601 1141 nunc
631 1116 729 1149 suni,
761 1101 892 1139 militis
921 1109 1011 1139 ante
1041 1100 1105 1138 fui.

612 1202 778 1238 XXXV.
812 1200 1036 1238 Securicula.

224 1279 327 1317 Cum
358 1277 466 1315 fieret
496 1275 611 1314 tristis
642 1274 839 1314 solvendis
869 1274 1000 1312 auctio
1031 1273 1212 1319 nummis,

277 1344 374 1380 haec
404 1340 698 1390 quadringentis
730 1339 886 1377 milibus
916 1346 1048 1388 empta
1077 1338 1157 1376 fuit.

492 1440 645 1475 XXXV
652 1440 680 1476 I.
712 1439 964 1475 ffiaewzmenta
994 1438 1173 1474 tonsoria.

225 1514 458 1553 Tondendis
488 1515 585 1552 haec
614 1527 721 1551 arma
750 1513 819 1551 tibi
850 1520 940 1551 sunt
969 1520 1060 1562 apta
1088 1511 1264 1562 capillis,-

279 1579 475 1629 unguibus
505 1579 568 1616 hic
599 1578 723 1627 longis
754 1577 869 1624 utilis,
902 1577 964 1615 illa
993 1577 1113 1626 genis.

602 1677 816 1712 XXXVII.
849 1676 1056 1713 Scrinium.

335 1753 508 1790 Selectos
539 1751 612 1789 nisi
642 1752 711 1789 das
742 1750 838 1787 mihi
869 1750 1032 1796 libellos,

333 1816 538 1854 admittam
571 1815 694 1853 tineas
725 1823 933 1864 trucesque
963 1815 1114 1852 blattas.

272 1918 391 1948 XXXI
416 1918 490 1949 lzah.
516 1919 544 1948 T
629 1927 761 1948 CVLTER
785 1926 1004 1947 VENATomvs
1021 1917 1105 1947 AA:
1129 1926 1261 1946 cvm-ER
1286 1926 1461 1947 VENAmvs
1478 1917 1553 1947 BA:

228 1971 389 1992 chTRVM
418 1964 498 2000 (om.
524 1961 619 1999 VEN.)
647 1961 694 1990 CA
794 1970 807 1990 1
835 1961 966 1990 delecta
998 1960 1053 1989 BA
1081 1959 1105 1999 (l
1129 1965 1191 1999 pro
1214 1960 1243 1998 j)
1334 1971 1450 1999 gemas
1473 1961 1551 1990 AA:

230 2015 345 2044 gemes
369 2004 472 2035 BACA
562 2003 729 2034 uenabulo
749 2003 848 2043 (EX)
868 2004 916 2033 vel
931 2003 1097 2033 uenabula
1115 2003 1164 2032 CA

273 2047 410 2078 XXXII
435 2048 509 2079 hab.
538 2047 567 2077 T
654 2057 667 2076 1
696 2047 760 2077 hoc
785 2057 850 2077 0111.
881 2046 930 2076 CA
1018 2046 1124 2084 gratis
1149 2046 1213 2076 erit
1236 2056 1368 2076 omnem
1399 2047 1445 2077 T:
1470 2048 1553 2085 grati

230 2092 338 2131 querit
358 2091 516 2130 (quaerit)
536 2100 634 2120 omen
654 2090 701 2121 CA

273 2134 427 2164 XXXIII
452 2134 526 2164 hab.
557 2133 586 2163 T
696 2144 708 2163 1
736 2132 854 2172 curva]
875 2132 962 2163 curis
988 2132 1035 2162 CA
1124 2131 1218 2162 breui
1243 2133 1347 2164 sorbit
1371 2143 1476 2164 arena
1499 2132 1553 2162 BA

274 2177 426 2208 XXXIV
449 2177 521 2207 Ital).
546 2177 575 2206 T
663 2187 675 2207 1
705 2176 786 2206 Falx
810 2175 860 2206 CA
948 2180 1040 2206 certe
1056 2175 1112 2205 BA
1201 2176 1294 2206 docis
1318 2176 1364 2206 CA
1382 2180 1461 2216 (pro
1480 2176 1554 2217 du-)

231 2221 391 2252 curisauit
409 2220 503 2260 (EA)
522 2220 570 2250 vel
585 2220 677 2250 ·siuit
699 2219 766 2258 (V)
785 2220 834 2249 CA
853 2220 1021 2258 (curuauit
1037 2218 1095 2253 Χ)

275 2264 409 2294 XXXV
432 2264 504 2294 hab.
532 2263 565 2294 T.
613 2264 694 2293 Post
710 2262 879 2292 XXXVII
897 2263 930 2292 in
947 2262 1001 2292 ΒΑ
1019 2262 1131 2301 (prins
1146 2272 1211 2292 om.
1223 2266 1355 2302 propter
1367 2262 1550 2293 llonzoeotel.

233 2307 294 2337 suit
308 2309 332 2344 2)
553 2306 703 2337 XXXVI
728 2306 801 2337 lzab.
820 2305 878 2335 TR
927 2315 940 2336 1
967 2305 1075 2345 capilli
1095 2305 1193 2346 (EA)
1210 2306 1314 2336 vel—is
1333 2305 1381 2336 CA
1458 2316 1476 2335 2
1501 2306 1555 2335 hic

231 2350 342 2380 ΑΑΕΑ
359 2361 366 2380 t
394 2350 476 2380 haec
493 2349 546 2379 BA

277 2393 444 2424 XXXVII
468 2393 541 2423 hah.
567 2393 596 2423 T
682 2403 695 2422 1
724 2392 877 2423 Selectos
894 2391 977 2422 AA:
1002 2391 1213 2423 Constrictos
1228 2391 1334 2422 BACA
