1684 2763
755 115 1220 153 EPIGRAMMATON
1254 115 1354 152 LIB.
1388 117 1422 152 X

558 226 780 263 LXXXIII

203 291 328 327 Raros
359 288 508 338 colligis
539 289 631 327 hinc
660 297 699 328 et
729 289 820 327 hine
849 290 1011 339 capillos

201 361 239 392 et
269 355 390 391 latum
421 353 578 401 nitidae,
612 354 776 402 Marino,
809 356 941 392 calvae

201 432 385 469 campum
416 419 660 469 temporibus
690 419 786 469 tegis
816 419 1005 465 comatis3

201 485 271 522 sed
301 484 398 522 moti
428 486 594 523 redeunt
623 485 784 523 iubente
814 493 932 523 vento

203 550 500 600 reddunturque
530 550 604 588 sibi
634 558 832 601 caputque
862 551 1013 588 nudum
1410 566 1425 595 5

203 613 309 652 cirris
338 615 551 665 grandibus
581 615 673 654 hine
703 623 741 654 et
770 615 863 653 inde
892 615 1077 665 cingunt:

204 679 304 717 inter
333 682 666 730 Spendophorum
696 682 1065 730 Telesphorumque

206 745 341 793 Cydae
371 753 472 783 stare
501 745 657 795 putabis
689 748 978 784 Hermerotem.

204 809 274 847 Vis
304 818 346 848 tu
376 810 591 860 simplicius
620 824 755 849 senem
785 811 906 857 fateri,

205 882 246 912 ut
275 876 436 913 tandem
462 875 628 914 videaris
658 890 759 914 unus
788 878 903 914 esse?
1394 891 1431 912 10

205 940 316 978 calvo
347 940 495 990 turpius
526 948 583 979 est
612 941 710 978 nihil
739 949 907 979 comato.

546 1046 761 1082 LXXXIV

102 1130 267 1178 Miraris,
299 1144 419 1181 quare
448 1131 661 1170 dormitum
693 1145 773 1170 non
803 1139 865 1170 eat
894 1133 1020 1170 Aser?

152 1196 362 1234 accumbat
391 1209 481 1234 eum
512 1210 600 1247 qua,
632 1196 882 1243 Caedicimie,
914 1196 1033 1234 vides.

566 1302 758 1338 LXXXV

104 1388 188 1424 Iam
219 1386 348 1425 senior
378 1388 518 1425 Ladon
548 1387 760 1425 Tiberinae
789 1394 908 1424 nauta
936 1386 1092 1425 carinae

156 1451 333 1502 proxima
362 1451 515 1490 dilectis
545 1465 632 1489 rura
660 1451 808 1502 paravit
836 1451 959 1501 aquis.

102 1530 204 1566 quae
233 1530 323 1554 cum
354 1530 470 1566 saepe
499 1530 618 1567 vagus
648 1524 841 1566 premeret
871 1516 1107 1555 torrentibus
1137 1516 1253 1554 undis

158 1581 328 1630 Thybris
357 1589 394 1619 et
425 1581 591 1619 hiberno
621 1589 817 1631 rumperet
846 1595 937 1619 arva
965 1583 1063 1629 lacu,

105 1646 308 1685 emeritam
337 1646 514 1696 puppim,
546 1646 628 1696 ripa
657 1660 758 1696 quae
789 1647 916 1685 stabat
945 1646 985 1684 in
1014 1648 1102 1693 alta,
1416 1664 1433 1694 5

158 1711 319 1761 inplevit
349 1711 448 1749 saxis
478 1711 744 1761 obposuitque
772 1711 893 1749 vadis.

105 1776 160 1814 sic
189 1776 330 1814 nimias
358 1776 495 1814 avertit
524 1789 657 1826 aquas.
717 1776 817 1825 Quis
847 1777 1006 1815 credere
1035 1778 1199 1826 posset?

157 1841 343 1879 auxilium
374 1841 539 1879 domino
568 1854 694 1879 mersa
723 1841 853 1879 carina
882 1841 979 1879 tulit.

554 1947 766 1984 LXXXVI

106 2034 238 2071 Nemo
266 2045 369 2070 nova
397 2031 516 2070 caluit
545 2032 600 2070 sic
629 2032 895 2070 infiammatus
923 2031 1051 2070 amica

160 2096 334 2146 flagravit
363 2104 512 2147 quanto
542 2098 692 2135 Laurus
722 2110 854 2135 amore
884 2096 996 2146 pilae,

153 2198 339 2230 LXXXIII
363 2208 384 2238 3
409 2200 495 2239 tegit
514 2198 563 2230 CA
652 2211 671 2238 4
698 2200 836 2230 iuuente
854 2199 903 2230 CA
921 2200 954 2239 (i.
970 2210 994 2230 e.
1016 2200 1100 2239 iub-)
1121 2200 1222 2240 (mzde
1238 2200 1378 2229 iuuante
1397 2199 1435 2229 C>

108 2254 129 2282 9
154 2248 187 2273 te
204 2243 232 2273 L
497 2243 659 2274 LXXXV
675 2243 749 2274 hab.
766 2243 795 2273 T
882 2254 901 2273 2
919 2243 1031 2274 dilecti
1052 2242 1102 2273 CA
1191 2252 1211 2281 3
1234 2252 1309 2272 cum
1326 2253 1390 2272 om.
1413 2242 1442 2271 T

107 2298 126 2325 4
152 2287 225 2317 lacu
243 2285 385 2317 ΑΑΒᾹε
409 2286 486 2325 gelu
512 2286 559 2316 CA
679 2296 698 2325 5
722 2287 790 2316 alto
813 2286 859 2317 T:
883 2287 958 2317 aula
981 2286 1029 2317 CA
1145 2288 1166 2317 6
1190 2286 1292 2325 imple
1311 2287 1368 2315 uix
1387 2285 1436 2315 CA

111 2340 128 2369 7
153 2330 261 2369 possit
285 2329 367 2359 AA:
396 2335 511 2369 posset
535 2329 613 2360 BA:
640 2340 740 2369 posse
764 2329 814 2359 CA
840 2330 918 2370 (pro
936 2332 1037 2370 n'seth
1216 2330 1236 2359 8
1260 2339 1436 2367 mersaque

107 2373 200 2405 crina
222 2372 252 2403 T
580 2373 762 2404 LXXXVI
786 2373 858 2404 lzab.
882 2373 912 2404 T

152 2436 257 2457 MART.
278 2436 330 2458 EF.
1304 2427 1345 2455 20
