1684 2763
766 146 1023 184 EPIGRAM
1033 148 1233 186 MATON
1267 148 1369 185 LIB.
1403 149 1466 186 III

143 265 299 307 argutus
328 271 441 296 anser
469 257 718 307 gemmeique
747 270 920 307 pavones

145 336 370 372 nomenque
399 323 518 361 debet
547 336 648 372 quae
678 323 908 361 rubentibus
938 323 1068 373 pinnis

143 396 180 425 et
210 388 314 437 picta
344 388 477 438 perdix
508 387 824 438 Numidicaeque
852 396 1025 438 guttatae
1433 407 1469 438 15

143 460 179 490 et
210 452 419 502 impiorum
449 453 638 503 phasiana
667 454 936 501 Colchorum,

144 517 325 555 Rhodias
355 518 511 568 superbi
544 517 709 556 feminas
739 526 922 568 premunt
951 518 1066 568 galli3

142 590 363 632 sonantque
394 591 514 621 turres
543 582 745 633 plausibus
775 584 1059 630 columbarum,

142 647 262 696 gemit
292 647 384 685 hinc
414 649 634 698 palumbus,
667 648 761 687 inde
790 662 925 687 cereus
956 657 1090 687 turtur.

141 712 244 751 avidi
275 721 460 751 secuntur
489 713 625 752 vilicae
656 713 785 752 sinum
816 714 923 764 porci
1432 734 1471 754 20

143 786 385 828 matremque
415 779 571 828 plenam
603 779 731 817 mollis
759 793 883 829 agnus
913 789 1102 830 expectat.

142 842 303 893 cingunt
334 857 516 881 serenum
547 844 661 882 lactei
691 845 823 882 focum
854 858 994 883 vernae

141 914 179 945 et
208 909 313 957 larga
342 909 461 946 festos
492 909 595 946 lucet
625 909 675 946 ad
706 910 803 946 lares
834 909 939 947 silva.

143 986 222 1010 non
253 973 381 1022 segnis
411 973 502 1010 albo
531 975 649 1022 pallet
680 973 761 1011 otio
792 987 930 1023 caupo,

143 1050 214 1075 nec
244 1037 371 1087 perdit
401 1039 533 1075 oleum
566 1037 739 1075 lubricus
769 1039 1002 1088 palaestrita,
1433 1058 1469 1088 25

140 1103 208 1140 sed
239 1101 365 1140 tendit
394 1102 518 1140 avidis
549 1110 628 1141 rete
658 1103 871 1141 subdolum
902 1104 1025 1142 turdis

140 1169 354 1205 tremulave
383 1176 541 1217 captum
573 1168 676 1206 linea
705 1168 821 1206 trahit
850 1169 997 1218 piscem

139 1240 204 1270 aut
234 1232 449 1281 inpeditam
481 1232 655 1271 cassibus
686 1235 799 1272 refert
828 1235 1040 1272 dammam.

140 1305 291 1336 exercet
324 1297 463 1336 hilares
494 1298 616 1336 facilis
646 1300 783 1337 hortus
813 1300 996 1346 urbanos,

140 1370 177 1401 et
207 1364 437 1412 paedagogo
468 1377 547 1401 non
578 1363 738 1402 iubente
768 1364 900 1402 lascivi
1430 1383 1470 1414 30

140 1442 273 1477 parere
301 1429 474 1477 gaudent
504 1428 619 1467 vilico
648 1428 830 1479 capillati,

139 1501 176 1530 et
205 1493 396 1531 delicatus
425 1506 543 1543 opere
572 1493 709 1531 fruitur
738 1495 954 1532 eunuchus.

140 1571 211 1596 nec
241 1557 347 1596 venit
376 1558 502 1596 inanis
531 1558 698 1596 rusticus
727 1560 937 1598 salutator:

138 1624 209 1661 fert
238 1623 302 1661 ille
331 1623 428 1661 ceris
458 1637 557 1661 cana
585 1637 675 1661 curn
706 1624 785 1662 suis
815 1625 931 1662 mella

140 1696 365 1738 metamque
395 1688 505 1726 lactis
536 1688 733 1727 Sassinate
763 1690 812 1727 de
842 1689 964 1736 silva3
1426 1709 1465 1740 35

139 1753 426 1792 somniculosos
457 1753 520 1791 ille
549 1753 708 1803 porrigit
736 1753 862 1803 glires,

139 1818 201 1856 hic
231 1818 451 1868 vagientem
482 1818 615 1857 matris
645 1818 825 1869 hispidae
854 1821 988 1866 fetum,

137 1883 234 1921 alius
265 1891 423 1922 coactos
454 1897 534 1922 non
563 1897 694 1922 amare
724 1898 907 1934 capones.

138 1956 175 1986 et
204 1949 310 1987 dona
340 1956 507 1986 matrum
537 1948 683 1987 vimine
713 1950 880 1988 offerunt
910 1957 1016 1987 texto

184 2053 222 2082 16
239 2053 420 2091 phasianae
432 2052 480 2083 CA
552 2063 588 2091 17
610 2053 744 2083 Rhodia
760 2053 1024 2092 superbisrninas
1038 2054 1085 2084 CA
1099 2054 1130 2093 (s
1139 2060 1202 2094 pro
1212 2054 1238 2085 fi
1310 2055 1467 2093 promunt

140 2096 187 2125 CA
206 2097 242 2137 (o
252 2101 316 2136 pro
326 2097 361 2135 e)
453 2097 490 2126 18
515 2095 746 2127 columnarum
768 2098 909 2137 (-1npn-)
927 2097 982 2126 ΒΑ
1073 2108 1110 2127 21
1130 2108 1264 2136 angnus
1283 2097 1330 2128 CA
1348 2102 1386 2128 ut
1400 2099 1463 2129 vid.

139 2143 260 2178 (agnus
276 2139 384 2178 EAG,
404 2150 513 2170 annus
530 2139 573 2178 X,
592 2150 677 2170 anus
693 2140 733 2180 B,
754 2140 849 2170 anius
869 2141 910 2179 C)
1003 2151 1043 2171 22
1068 2151 1228 2172 sesenum
1248 2141 1296 2171 CA
1318 2143 1346 2180 gs
1360 2147 1420 2181 pro
1436 2145 1467 2181 r)

139 2193 179 2222 23
196 2183 265 2213 lare
281 2183 365 2213 silua
385 2183 432 2214 CA
449 2187 486 2213 ut
500 2183 562 2214 vid.
580 2183 682 2223 (stude
697 2184 782 2214 festo
801 2209 807 2215 .
827 2208 834 2215 .
854 2207 860 2214 .
880 2184 949 2214 lare
966 2195 991 2215 s.
1013 2184 1165 2223 EABG¹‚
1186 2185 1309 2216 festos.
1327 2208 1334 2216 .
1357 2209 1363 2216 .
1379 2185 1467 2215 lares

139 2236 163 2256 s.
184 2225 308 2265 XCGJ)
430 2238 470 2265 24
496 2227 595 2257 carbo
614 2227 689 2258 BA:
713 2237 799 2266 capo
819 2227 866 2257 CA
886 2227 956 2266 <sed
970 2238 1076 2267 caupo
1093 2228 1138 2267 B)
1260 2230 1302 2258 26
1326 2229 1465 2259 subdole

141 2268 211 2299 BA:
246 2270 422 2300 subdolum
452 2270 499 2300 CA
766 2281 808 2309 29
832 2272 981 2302 urbanus
1006 2272 1053 2302 CA
1078 2275 1115 2302 ul
1136 2271 1199 2301 vid.
1228 2272 1297 2311 <scd
1320 2282 1395 2302 -nos
1412 2271 1463 2311 X)

139 2322 179 2350 32
205 2313 365 2343 delicatos
383 2313 429 2343 CA
450 2317 485 2343 ul
501 2313 563 2344 vid.
671 2324 712 2353 35
739 2314 942 2351 Sassinatis;
978 2326 996 2345 e
1013 2316 1099 2345 silua
1117 2314 1210 2354 Rooy
1320 2325 1360 2353 37
1387 2316 1465 2345 hinc

140 2355 192 2384 ΒΑ
280 2358 322 2394 38
345 2357 427 2387 alios
446 2357 493 2387 CA
597 2367 639 2396 39
664 2363 698 2388 et
714 2368 733 2387 a
749 2369 791 2389 m.
814 2358 861 2388 CA
875 2359 955 2398 (pro
972 2364 1005 2388 et
1023 2359 1064 2388 da
1079 2368 1132 2398 m.,
1147 2359 1165 2388 ι’.
1181 2369 1204 2389 e.
1227 2364 1261 2389 et
1279 2359 1367 2389 dona
1385 2369 1426 2389 m.
1441 2361 1465 2397 2)

140 2399 266 2430 uimine
283 2400 427 2430 offerunt
444 2400 622 2431 Heinsius:
646 2401 791 2432 uimineo
808 2401 921 2432 ferunt
938 2401 1025 2432 codd.
