1684 2763
191 148 247 184 M.
280 147 400 184 VAL.
435 147 749 185 MARTIALIS

190 259 298 296 nullo
328 259 405 296 fata
434 260 522 297 loco
552 257 678 309 possis
708 260 939 298 excludere:
979 272 1070 298 eum
1101 272 1204 297 mors
1495 275 1512 306 5

245 322 402 369 venerit,
435 323 473 361 in
504 324 636 363 medio
665 324 812 363 Tibure
843 324 1021 364 Sardinia
1050 332 1118 363 est.

701 414 794 450 LXI

193 484 372 520 Donasse
401 481 572 520 amicum
603 481 673 520 tibi
703 483 886 530 ducenta,
921 481 1119 528 Mancine,

191 559 314 596 nuper
344 547 513 596 superbo
542 548 665 585 laetus
696 560 761 585 ore
790 547 951 585 iactasti.

191 619 350 660 quartus
381 611 464 649 dies
494 619 562 657 est,
595 611 634 649 in
665 613 800 650 schola
828 620 1033 662 poetarum

192 677 286 714 dum
318 677 549 722 fabulamur,
582 676 739 714 milibus
770 677 908 714 decem
939 676 1035 714 dixti

192 748 343 790 emptas
373 742 546 778 lacernas
577 754 720 778 munus
750 754 834 779 esse
865 742 1106 790 Pompullae,
1501 755 1518 785 5

192 806 437 854 sardonycha
466 819 600 843 verum
631 805 822 855 lineisque
852 814 908 844 ter
937 805 1110 844 cinctum

193 872 370 920 duasque
401 870 546 909 similes
577 871 761 909 fiuctibus
792 871 906 909 maris
936 885 1111 921 gemmas

194 935 350 974 dedisse
382 938 541 974 Bassam
574 936 829 986 Caeliamque
859 935 1002 974 iurasti.

195 1002 285 1039 here
315 1001 364 1039 de
394 1002 556 1047 theatro,
590 1001 767 1040 Pollione
797 1008 990 1048 cantante,

195 1079 285 1103 cum
316 1065 446 1103 subito
475 1065 615 1113 abires,
645 1068 740 1104 dum
772 1066 881 1116 fugis,
914 1065 1150 1116 loquebaris,
1482 1080 1522 1102 10

196 1130 420 1168 hereditatis
451 1130 521 1169 tibi
552 1138 725 1169 trecenta
754 1131 917 1177 venisse,

195 1203 233 1233 et
263 1208 377 1233 mane
407 1203 578 1241 centum,
611 1203 648 1234 et
678 1203 767 1245 post
797 1195 959 1234 meridie
989 1203 1159 1233 centum.

198 1259 305 1308 Quid
336 1260 404 1297 tibi
436 1261 590 1298 sodales
621 1260 784 1298 fecimus
815 1261 906 1298 mali
937 1261 1119 1298 tantum?

197 1325 376 1363 miserere
406 1325 481 1362 iam
514 1325 681 1363 crudelis
711 1333 749 1363 et
779 1325 848 1363 sile
879 1327 1050 1363 tandem.

196 1396 272 1434 aut,
305 1389 334 1426 si
366 1396 492 1427 tacere
523 1389 654 1439 lingua
684 1403 763 1427 non
795 1398 923 1439 potest
954 1389 1035 1435 ista,
1485 1404 1520 1434 ις

195 1454 411 1503 aliquando
441 1468 551 1491 narra
583 1456 690 1504 quod
722 1454 886 1493 velimus
915 1454 1060 1493 audire.

197 1612 322 1649 'l‘ibur
351 1611 389 1649 in
422 1613 666 1650 Herculeum
698 1611 873 1661 migravit
904 1611 1011 1661 nigra
1042 1611 1211 1660 Lycoris,

250 1675 383 1713 omnia
412 1677 506 1713 dum
540 1675 617 1713 fieri
649 1676 819 1713 candida
848 1675 970 1714 credit
1001 1675 1064 1713 ibi.

202 1835 305 1870 Dum
337 1832 431 1882 petit
460 1846 482 1870 a
514 1832 646 1870 Baulis
676 1840 798 1870 mater
828 1831 1017 1871 Caerellia
1048 1831 1173 1876 Baias,

251 1896 395 1935 occidit
426 1897 551 1935 insani
582 1897 743 1935 crimine
774 1910 899 1934 mersa
929 1895 1023 1934 freti.

198 1961 317 2011 gloria
347 1969 492 2011 quanta
523 1961 619 2011 perit
649 1960 784 1999 vobis!
824 1962 922 1999 haee
954 1967 1129 1999 monstra
1160 1959 1308 1998 Neroni

252 2039 325 2064 nee
355 2026 480 2064 iussae
512 2028 713 2074 quondam
745 2025 1033 2076 praestiteratis,
1064 2038 1199 2075 aquae.

244 2123 320 2153 LXI
346 2135 393 2155 vv.
416 2135 486 2162 1—4,
502 2126 573 2163 7*8,
598 2125 702 2164 13-16
725 2124 795 2154 lml).
820 2124 849 2154 T
932 2135 949 2162 4
975 2123 1174 2153 famulamur
1188 2122 1243 2152 BA
1260 2124 1349 2158 (cum
1367 2120 1414 2162 X)
1504 2123 1525 2151 6

198 2168 406 2206 sardonycas
419 2168 511 2207 g-niA)
530 2168 576 2198 CA
665 2172 801 2198 unctum
818 2167 864 2197 CA
882 2167 916 2205 (u
930 2172 991 2206 pro
1004 2166 1047 2205 ci)
1137 2176 1157 2205 9
1181 2165 1318 2205 pollone
1333 2164 1381 2194 CA
1487 2174 1522 2194 11

200 2216 338 2240 reeenta
353 2211 398 2241 CA
419 2214 500 2251 (non
518 2211 565 2251 A)
692 2221 730 2240 12
755 2216 788 2241 et
803 2215 879 2249 post
892 2210 946 2240 ΒΑ
961 2221 967 2240 :
993 2214 1068 2249 post
1084 2208 1131 2239 CA
1264 2218 1300 2246 13
1324 2208 1462 2238 facimus
1478 2208 1525 2238 (A

201 2254 266 2283 mili
292 2254 337 2283 T:
362 2254 447 2284 male
464 2255 517 2283 ΒΑ
652 2264 687 2292 14
714 2255 836 2284 misere
853 2258 919 2283 tam
936 2253 990 2283 BA
1081 2253 1119 2281 16
1143 2251 1259 2282 audire
1275 2261 1340 2282 om.
1361 2251 1415 2281 BA

246 2297 342 2327 LXII
368 2298 439 2329 lzab.
468 2297 501 2327 R
589 2298 693 2327 Tibur
710 2297 742 2327 in
764 2297 959 2327 herculeum
976 2296 1033 2326 ΑΑ
1054 2295 1203 2335 (erculeo
1227 2294 1296 2326 Ri:
1322 2294 1426 2326 Tibur
1450 2294 1524 2325 her-

200 2341 329 2371 culeum
347 2340 399 2370 BA
417 2353 422 2370 :
446 2341 603 2371 Tibur-iae
622 2342 816 2371 herculeum
836 2340 883 2370 CA

244 2384 358 2415 LXIII
383 2384 455 2415 hab.
484 2384 512 2414 T
639 2395 658 2423 3
682 2384 821 2415 neroniS
841 2383 887 2415 CA
1019 2393 1038 2421 4
1062 2382 1151 2412 iussa
1170 2382 1223 2411 ΒΑ
