1684 2763
213 135 268 171 M.
303 134 423 170 VAL.
457 134 770 173 MARTIALIS

211 246 277 295 qui
307 245 498 284 codicillis
527 245 619 284 hinc
647 254 685 285 et
714 246 806 286 inde
835 248 994 298 prolatis

212 311 466 361 epistolisque
495 312 724 350 commodat
752 326 908 362 gravem
938 315 1086 352 voltum

211 375 347 414 similis
378 376 522 415 Catoni
551 376 762 426 Tullioque
792 379 1004 428 Brutoque,
1520 397 1536 426 ,ς

211 441 437 491 exprimere,
471 443 585 489 Rufe,
618 441 799 481 fidiculae
829 442 919 481 licet
952 451 1104 494 cogant,

212 507 310 544 have
340 505 536 553 Latinum,
567 510 673 557 χαῖρε
701 521 781 545 non
811 516 940 558 potest
970 510 1175 546 Graecum.

211 570 242 608 si
273 571 417 621 fingere
447 570 551 609 istud
581 585 644 610 me
673 579 796 622 putaS,
829 574 1052 611 salutemus.

731 665 810 702 LII

212 735 325 782 Quae
356 733 451 771 mihi
480 733 715 783 praestiteris
745 734 906 779 memini
935 748 1168 784 semperque
1198 736 1352 773 tenebo.

265 813 332 837 cur
362 798 475 849 igitur
505 806 626 846 taceo,
659 801 876 837 Postume?
931 801 994 837 Tu
1023 799 1203 848 loqueris.

212 863 356 914 incipio
386 863 569 914 quotiens
598 863 713 902 alicui
743 871 809 902 tua
839 865 945 902 dona
974 865 1125 910 referre,

265 928 441 979 protinus
471 930 661 967 exclamat
693 928 876 967 ‘Dixerat
905 928 988 978 ipse
1018 929 1138 966 mihi!

212 995 304 1031 Non
335 994 437 1032 belle
467 995 662 1043 quaedam
692 994 840 1032 faciunt
869 996 975 1033 duo:
1015 994 1155 1032 sufficit
1186 1008 1285 1032 unus
1521 1011 1536 1041 5

266 1059 356 1097 huic
386 1059 517 1109 operi:
557 1059 588 1097 si
617 1059 673 1096 vis
704 1067 745 1097 ut
775 1060 922 1109 loquar,
955 1059 1038 1108 ipse
1068 1068 1164 1097 tace.

212 1124 328 1162 crede
359 1123 466 1170 mihi,
497 1123 675 1173 quamvis
705 1123 887 1174 ingentia,
922 1126 1120 1171 Postume,
1152 1125 1256 1162 dona

264 1188 433 1226 auctoris
463 1195 626 1238 pereunt
654 1188 875 1238 garrulitate
905 1188 974 1227 sui.

722 1283 823 1319 LIII

213 1351 407 1391 Colchida
436 1351 532 1401 quid
561 1351 707 1398 scribis,
739 1352 835 1402 quid
865 1351 1011 1398 scribis
1043 1351 1179 1397 amice,
1212 1353 1445 1400 Thyesten?

266 1430 345 1466 quo
375 1416 446 1454 tibi
475 1418 535 1455 vel
566 1416 737 1463 Nioben,
770 1418 901 1463 Basse,
933 1418 993 1454 vel
1024 1417 1365 1454 Andromachen?

214 1479 372 1518 materia
402 1486 470 1526 est,
503 1478 598 1516 mihi
628 1480 753 1525 crede,
786 1479 862 1516 tuis
891 1478 1091 1528 aptissima
1121 1478 1263 1516 chartis

268 1544 487 1583 Deucalion
517 1546 589 1591 vel,
621 1543 651 1581 si
682 1557 760 1582 non
791 1546 918 1594 placet
947 1543 1021 1590 hic,
1054 1544 1269 1581 Phaethon.

724 1638 818 1674 LIV

215 1706 500 1756 Extemporalis
529 1707 654 1744 factus
683 1715 741 1745 est
771 1720 881 1745 meus
911 1708 1066 1745 rhetor:

214 1772 471 1821 Calpurnium
502 1784 582 1809 non
612 1771 774 1821 scripsit,
807 1779 845 1809 et
874 1771 1064 1809 salutavit.

738 1859 810 1895 LV

217 1928 290 1966 Dic
321 1928 426 1975 mihi,
458 1941 576 1977 quem
606 1936 747 1977 portas,
779 1929 981 1966 volucrum
1011 1928 1173 1978 regina?
1232 1929 1504 1966 ‘Tonantem'

268 1994 387 2031 Nulla
417 2006 535 2031 manu
565 2006 684 2043 quare
713 1993 876 2031 fulmina
904 1995 1060 2043 gestat?
1105 1994 1272 2030 ‘Amat’

215 2059 307 2106 Quo
337 2059 436 2096 calet
466 2058 554 2108 igne
583 2059 710 2096 deus?
766 2058 926 2096 ‘Pueri.’
975 2059 1056 2097 Cur
1085 2057 1188 2095 mitis
1217 2065 1352 2107 aperto

267 2122 425 2172 respicis
454 2135 520 2160 ore
551 2124 720 2160 Iovem?
769 2125 854 2161 ‘De
884 2124 1115 2172 Ganymede
1144 2123 1307 2171 loquor.'

259 2225 300 2255 LI
326 2225 346 2254 6
370 2235 571 2263 expremere
588 2224 646 2254 ΑΑ
738 2235 754 2263 7
779 2230 877 2263 potes
897 2225 945 2255 CA
1034 2225 1054 2254 8
1077 2224 1220 2255 salutem
1244 2223 1298 2254 TL

259 2268 321 2298 LII
347 2268 420 2297 hab.
446 2267 505 2298 TR
594 2278 611 2306 7
636 2268 744 2298 dones
762 2268 810 2298 CA

258 2311 334 2341 LIII
360 2311 433 2341 hab.
458 2311 488 2341 T
639 2321 652 2340 1
678 2311 757 2350 quid
774 2311 893 2342 scribis
909 2312 998 2350 quod
1013 2311 1133 2341 scribis
1151 2310 1198 2340 CA
1361 2320 1380 2339 2
1404 2310 1494 2349 quod
1517 2310 1545 2340 T

213 2366 232 2393 4
256 2355 306 2384 vel
326 2354 454 2385 AACA:
479 2359 535 2384 aut
552 2353 605 2383 BA

262 2398 319 2428 LV
347 2407 359 2427 1
388 2402 503 2437 portas
520 2397 594 2428 BA:
622 2402 737 2437 portes
756 2397 804 2428 CA
