1684 2763
526 166 707 203 INDEX
745 164 1213 203 EPIGRAMMATON

270 276 414 306 Ponitur
427 275 592 306 Ausoniis
609 275 681 305 avis
698 275 780 305 haec
797 274 972 305 rarissima
988 275 1116 305 mensis
1162 273 1260 312 XIII,
1277 276 1329 313 65.

271 319 422 357 Pontice,
442 319 533 358 quod
551 329 732 357 numquam
749 318 864 357 futuis,
884 319 945 348 sed
963 318 1093 357 paelice
1110 318 1206 348 laeva
1252 317 1313 358 IX,
1334 327 1385 356 41.

270 363 449 393 Ponuntur
465 372 601 402 semper
618 362 844 400 chrysendeta
863 362 1062 401 Calpetiano
1106 361 1165 400 VI,
1183 372 1235 400 94.

270 406 408 436 Potabis
422 406 586 445 liquidum
604 406 747 444 Signina
765 406 931 435 morantia
947 406 1119 436 ventrem?
1160 404 1256 445 XIII,
1280 406 1351 436 116.

272 450 387 480 Potavi
404 450 504 480 modo
522 449 701 479 consulare
718 449 834 478 vinum
879 448 954 488 VII,
975 459 1026 487 79.

271 493 356 524 Poto
374 503 438 532 ego
455 497 642 530 sextantes,
662 497 697 521 tu
716 497 824 531 potas,
845 491 966 529 Cinna,
987 493 1136 522 deunces
1182 491 1262 531 XII,
1283 502 1334 530 27.

271 537 376 567 Potor
392 537 526 573 nobilis,
546 535 646 573 Aule,
665 535 791 565 lumine
809 545 876 565 uno
922 534 980 573 VI,
1001 536 1052 574 78.

271 580 439 618 Praeceps
456 579 646 616 sanguinea
664 579 742 608 dum
759 588 798 608 se
816 583 904 608 rotat
923 588 1022 608 ursus
1039 579 1168 608 harena
1212 578 1274 614 Ep.
1296 588 1345 608 11.

272 623 413 653 Praedia
430 623 522 653 solus
540 622 645 652 habes
662 627 695 651 et
712 622 814 659 solus,
835 621 1000 659 Candide,
1021 631 1177 651 nummos
1223 620 1285 659 III,
1305 622 1356 652 26.

271 666 401 697 Praedo
419 666 481 696 fuit
499 665 672 695 volucrum
688 677 694 696 ε
720 665 865 694 famulus
883 675 972 695 nunc
989 665 1130 703 aucupis
1148 664 1238 694 idem
1276 664 1369 703 XIV,
1385 674 1457 703 217.

272 710 444 740 Praestitit
462 709 632 739 exhibitus
649 713 719 738 tota
736 708 806 741 tibi,
826 708 961 746 Caesar,
982 709 1109 738 harena
1154 708 1216 747 Ep.
1235 718 1268 746 9.

273 753 468 783 Praetorem
486 762 618 791 pauper
633 756 767 781 centum
785 753 943 781 sestertia
960 751 1096 782 Gaurus
1143 751 1198 790 IV,
1219 754 1272 790 67.

271 796 451 826 Praetores
469 796 547 834 duo,
568 800 730 834 quattuor
744 795 868 824 tribuni
915 795 972 834 VI,
992 796 1022 826 8.

273 840 383 870 Prima
402 839 554 869 Palatino
572 839 630 868 lux
649 844 700 868 est
718 839 801 868 haec
819 843 892 868 orta
910 839 1057 868 Tonanti
1105 838 1166 876 IX,
1183 848 1238 876 39.

274 883 384 913 Prima
401 884 588 913 salutantes
605 887 706 920 atque
724 883 829 912 altera
846 882 991 912 conterit
1010 883 1094 913 hora
1141 881 1198 912 IV.
1216 883 1245 914 8,

273 927 405 956 Primos
422 937 519 965 passa
539 931 630 955 toros
647 930 680 955 et
697 926 808 956 adhuc
827 926 990 964 placanda
1007 926 1127 956 marito
1175 924 1230 959 IV.
1251 936 1302 955 22.

274 970 422 1000 Primum
440 975 490 1000 est
509 974 545 999 ut
562 974 724 1008 praestes,
745 970 772 998 si
791 969 870 1008 quid
889 974 932 1003 te.
953 969 1075 1007 Cinna,
1097 969 1221 1007 rogabo
1268 968 1343 1007 VII,
1365 978 1415 1007 43.

275 1016 283 1030 ‘
296 1013 428 1043 Primus
445 1014 499 1043 ubi
521 1019 572 1043 est
584 1012 591 1024 '
608 1013 721 1052 inquis
741 1014 834 1042 ‘cum
853 1013 895 1042 sit
914 1013 998 1043 liber
1015 1013 1079 1044 iste
1096 1013 1267 1042 secundus
1280 1014 1290 1043 ἓ
1305 1012 1312 1024 ’
1355 1011 1397 1049 11,
1414 1020 1466 1050 93.

274 1057 441 1096 Princeps
460 1057 582 1086 Niliaci
601 1057 743 1095 raperis,
764 1057 929 1093 coracine.
949 1057 1082 1086 macelli
1128 1055 1224 1093 XIII,
1243 1056 1296 1094 85.

275 1101 482 1139 Principium
500 1101 569 1135 des,
591 1099 682 1137 Iane,
702 1100 781 1129 licet
797 1100 969 1129 velocibus
986 1101 1085 1129 annis
1130 1098 1222 1137 VIII,
1241 1100 1271 1130 8.

275 1144 410 1174 Priscus
427 1145 468 1173 ab
484 1143 648 1173 Aetnaeis
665 1143 757 1181 mihi,
780 1142 907 1180 Flacce,
927 1143 1112 1173 Terentius
1128 1143 1198 1172 oris
1242 1141 1336 1180 VIII,
1357 1151 1411 1180 45.

276 1188 472 1226 Privignum
490 1197 555 1216 non
574 1196 650 1216 esse
668 1191 744 1216 tuae
762 1192 805 1224 te,
826 1186 934 1224 Galle,
954 1196 1123 1216 novercae
1170 1185 1224 1223 IV,
1249 1187 1297 1215 16.

274 1231 339 1260 Pro
357 1241 450 1267 sene,
471 1231 531 1260 sed
550 1231 648 1269 clare,
673 1236 787 1260 votum
808 1229 902 1259 Maro
921 1229 999 1259 fecit
1017 1230 1125 1259 amico
1172 1228 1251 1267 XII,
1270 1239 1323 1268 90.

275 1274 420 1304 Profecit
438 1279 517 1312 poto
536 1273 751 1303 Mithridates
766 1283 869 1311 saepe
887 1283 1020 1303 veneno
1066 1272 1106 1311 V,
1128 1274 1179 1311 76.

276 1318 434 1348 Proficies
451 1317 535 1346 nihil
550 1317 625 1353 hoc,
643 1317 766 1346 caedas
782 1317 862 1346 licet
880 1327 996 1354 usque,
1018 1316 1149 1354 flagello
1196 1315 1288 1353 XIV,
1306 1325 1358 1354 55.

275 1361 505 1399 Proscriptum
524 1360 668 1389 famulus
684 1361 830 1390 servavit
847 1359 958 1389 fronte
975 1365 1110 1389 notatus
1156 1358 1217 1395 III,
1237 1370 1289 1390 21.

277 1404 487 1434 Prostratum
505 1409 599 1433 vasta
618 1403 765 1433 Nemees
782 1403 814 1432 in
832 1403 917 1433 valle
936 1404 1068 1433 leonem
1114 1403 1174 1440 Ep.
1195 1404 1225 1441 6,
1243 1403 1273 1433 b.

276 1448 434 1478 Proxima
451 1447 606 1477 centenis
621 1447 814 1477 ostenditur
832 1456 909 1476 ursa
927 1447 1091 1476 columnis
1138 1445 1199 1484 ΙΙΙ,
1223 1455 1272 1485 19.

276 1491 389 1522 Pruna
406 1491 608 1530 peregrinae
626 1491 715 1521 carie
735 1501 857 1529 rugosa
874 1495 1035 1520 senectae
1082 1489 1178 1527 XIII,
1200 1501 1250 1528 29.

276 1535 447 1565 Psilothro
467 1534 584 1565 faciem
602 1535 693 1564 levas
710 1540 743 1564 et
761 1535 906 1573 dropace
924 1534 1052 1563 calvam
1099 1533 1160 1565 ΙΙΙ,
1182 1543 1231 1572 74.

277 1579 443 1608 Psittacus
460 1589 479 1608 a
496 1578 593 1608 vobis
610 1578 751 1607 aliorum
771 1578 907 1607 nomina
925 1578 1051 1607 discam
1099 1576 1189 1615 XIV,
1210 1586 1260 1615 73,

276 1622 391 1652 Puella
409 1622 548 1651 senibus
566 1622 696 1651 dulcior
713 1622 793 1651 mihi
813 1622 930 1659 cycnis
974 1619 1013 1658 V,
1034 1630 1087 1659 37.

276 1666 397 1704 Pugio,
414 1675 513 1704 quem
531 1675 631 1694 curva
649 1665 761 1703 signat
780 1665 890 1695 brevis
906 1664 1014 1693 orbita
1032 1674 1118 1694 vena
1164 1663 1255 1701 XIV,
1275 1673 1328 1702 33.

278 1709 423 1738 Pulcher
439 1710 533 1738 adest
551 1718 698 1746 onager:
724 1709 810 1738 mitti
828 1708 963 1738 venatio
982 1708 1081 1737 debet
1128 1706 1223 1743 XIII,
1247 1718 1318 1739 100.

280 1752 424 1782 Pulchre
443 1752 531 1782 valet
549 1752 718 1781 Charinus
736 1758 769 1781 et
787 1757 898 1781 tamen
918 1752 1019 1790 pallet
1067 1750 1091 1789 I,
1113 1761 1163 1789 77.

277 1795 406 1825 Puncta
425 1796 512 1824 notis
531 1795 597 1824 ilex
615 1801 647 1824 et
664 1800 762 1825 acuta
779 1795 920 1833 cuspide
938 1795 1031 1824 clusa
1077 1793 1168 1833 XIV,
1187 1804 1242 1833 92.

278 1839 431 1877 Pyrrhae
450 1839 528 1877 filia,
552 1838 709 1869 Nestoris
727 1849 874 1869 noverca
920 1838 962 1878 X,
982 1840 1034 1876 67.

277 1925 353 1964 Qua
371 1926 477 1956 sactus
495 1925 626 1955 ratione
643 1925 687 1955 sit
705 1925 850 1964 requiris
896 1925 938 1957 X.
962 1935 1031 1955 102.

278 1969 354 2007 Qua
371 1970 548 1999 moechum
567 1969 699 1998 ratione
717 1969 861 1998 basiaret
901 1968 979 2007 XII,
999 1977 1052 2007 93.

278 2014 354 2051 Qua
371 2013 482 2043 vicina
499 2013 584 2051 pluit
600 2012 761 2051 Vipsanis
779 2017 876 2050 porta
893 2012 1059 2041 columnis
1106 2010 1161 2050 IV,
1187 2012 1235 2043 18.

278 2057 510 2094 Quadrantem
529 2055 669 2094 Crispus
687 2055 818 2089 tabulis,
841 2056 1012 2093 Faustine,
1030 2056 1200 2094 supremis
1243 2054 1283 2087 V.
1303 2065 1354 2093 32.

278 2100 535 2138 Quadringenta
552 2100 610 2129 tibi
631 2109 699 2129 non
717 2104 808 2137 sunt,
827 2099 1084 2129 Chaerestrate:
1111 2109 1212 2137 surge
1258 2098 1299 2137 V,
1320 2109 1370 2137 25.

277 2144 613 2182 Quadringentorum
633 2143 745 2172 reddis
761 2143 854 2176 mihi,
877 2143 1022 2181 Phoebe,
1040 2142 1178 2172 tabellas
1223 2142 1283 2181 IX,
1304 2152 1373 2173 102.

278 2187 376 2225 Quae
392 2187 478 2225 legis
494 2196 594 2216 causa
614 2186 728 2224 nupsit
747 2186 806 2215 tibi
827 2186 952 2223 Laelia,
974 2186 1101 2224 Quinte
1148 2185 1187 2222 V,
1207 2195 1256 2224 75.

278 2230 374 2268 Quae
390 2231 475 2260 mala
492 2235 570 2260 suut
588 2229 726 2266 domini,
746 2240 832 2267 quae
850 2230 938 2259 servi
958 2230 1144 2267 commoda,
1164 2229 1278 2259 nescis
1324 2228 1385 2268 IX,
1405 2238 1457 2267 92.

278 2274 375 2312 Quae
393 2274 474 2303 mihi
492 2273 703 2312 praestiteris
719 2273 855 2302 memini
875 2283 1072 2311 semperque
1091 2273 1213 2302 tenebo
1259 2272 1299 2311 V,
1318 2283 1369 2311 52.

278 2318 373 2355 Quae
392 2317 491 2346 modo
507 2317 647 2346 litoreos
664 2316 762 2346 ibatis
778 2317 925 2346 carmina
944 2316 1074 2355 Pyrgos
1120 2315 1198 2356 XII,
1219 2325 1247 2354 5.

278 2362 375 2399 Quae
392 2365 484 2390 natat
503 2360 536 2389 in
556 2359 672 2390 Siculo
690 2360 828 2398 grandis
845 2369 983 2389 murena
1001 2359 1170 2398 profundo
1217 2358 1313 2398 XIII,
1333 2359 1386 2390 80.

279 2406 375 2442 Quae
395 2414 462 2434 non
480 2403 644 2433 sollicitus
661 2408 777 2433 teneat
795 2407 976 2441 servetque
994 2404 1149 2432 minister
1194 2402 1285 2441 XIV,
1310 2403 1378 2432 108.

279 2449 375 2486 Quae
393 2457 479 2478 nova
497 2453 562 2478 tam
579 2447 698 2477 similis
715 2447 833 2486 genuit
850 2446 909 2477 tibi
928 2446 1019 2476 Leda
1036 2447 1231 2478 ministros?
1280 2445 1342 2485 IX,
1363 2455 1434 2484 103.
