1684 2763
776 117 1247 155 EPIGRAMMATON
1284 119 1384 155 LIB.
1421 120 1484 156 III

682 227 746 263 III

150 294 432 348 [bbrmonsam
464 296 603 334 faciem
636 296 746 347 nigro
777 296 1042 336 medicamine
1072 300 1188 342 celas,

202 362 272 399 sed
304 375 384 399 non
415 363 619 399 formonso
649 374 814 410 corpore
844 362 968 400 laedis
997 376 1132 412 aquas,

149 425 271 475 ipsam
304 427 420 464 crede
450 427 566 464 deam
598 425 725 464 verbis
756 425 827 464 tibi
857 426 988 465 dicere
1018 427 1186 466 nostris:

206 492 309 529 ‘Aut
339 491 445 540 aperi
477 491 629 538 faciem,
661 499 728 529 aut
759 491 932 530 tunicata
963 491 1089 545 lava.']

684 581 741 617 IV

157 652 322 688 Romam
355 651 465 695 vade,
499 650 621 688 liber:
662 650 704 696 si,
737 650 888 689 veneris
919 652 1037 697 unde,
1070 651 1251 701 requiret,

203 715 395 753 Aemiliae
425 715 533 753 dices
563 717 613 754 de
644 715 802 765 regione
833 715 928 754 viae.

148 780 190 824 si,
223 780 368 830 quibus
400 780 438 817 in
470 780 590 827 terris,
623 794 702 830 qua
731 780 852 818 simus
884 780 922 818 in
954 781 1062 827 urbe,
1094 782 1257 831 rogabit,

203 846 363 884 Corneli
394 847 535 884 referas
567 859 630 883 me
660 845 750 884 licet
781 859 866 884 esse
898 848 1011 884 Foro.

148 924 216 948 cur
245 910 384 957 absim,
417 918 604 960 quaeret:
645 911 813 949 breviter
842 918 883 949 tu
915 913 1037 949 multa
1067 913 1210 950 fatere:
1472 930 1488 959 5

204 977 320 1013 ‘Non
352 982 504 1026 poterat
534 989 658 1014 vanae
688 975 819 1014 taedia
847 977 945 1014 ferre
976 978 1115 1026 togae.'

152 1042 348 1089 ‘Quando
378 1041 539 1080 venit?⁷
570 1041 701 1080 dicet:
741 1049 783 1080 tu
813 1043 1079 1092 respondeto:
1123 1044 1269 1080 ‘Poeta

202 1107 368 1145 exierat:
409 1106 549 1154 veniet,
582 1121 672 1145 cum
703 1107 955 1146 citharoedus
985 1107 1080 1145 erit.'

690 1196 725 1231 V

152 1265 219 1303 vis
249 1264 521 1303 commendari
553 1265 637 1303 sine
668 1278 731 1303 me
761 1278 944 1303 cursurus
975 1265 1013 1303 in
1045 1266 1194 1309 urbem,

202 1344 319 1380 parve
349 1329 456 1377 liber,
490 1329 633 1375 multis,
666 1343 715 1367 an
747 1330 839 1368 satis
870 1344 972 1368 unus
1004 1330 1107 1368 erit?

149 1409 249 1433 unus
279 1394 361 1441 erit,
394 1394 490 1432 mihi
520 1396 647 1441 crede,
681 1394 783 1441 satis,
817 1394 880 1433 cui
911 1409 991 1433 non
1022 1395 1096 1434 eris
1127 1396 1284 1444 hospes.

204 1460 338 1506 Iulius,
370 1460 582 1498 adsiduum
613 1473 760 1498 nornen
791 1460 830 1497 in
861 1474 927 1499 ore
958 1474 1058 1499 meo.

151 1525 328 1575 protinus
359 1526 465 1563 hunc
496 1525 645 1575 primae
675 1539 840 1575 quaeres
870 1525 910 1562 in
941 1525 1077 1563 limine
1107 1527 1279 1563 Tectae:
1466 1543 1482 1572 5

203 1604 303 1640 quos
334 1591 458 1629 tenuit.
492 1590 684 1640 Daphnis,
717 1604 823 1628 nunc
854 1598 961 1629 tenet
991 1590 1055 1628 ille
1085 1592 1194 1628 lares.

150 1664 206 1694 est
237 1656 289 1693 illi
320 1656 505 1702 coniunx,
538 1669 639 1705 quae
669 1663 706 1693 te
738 1655 1002 1705 manibusque
1033 1655 1203 1705 sinuque

203 1721 381 1770 excipiet,
414 1729 454 1758 tu
486 1722 546 1759 vel
577 1722 871 1770 pulverulentus
902 1734 978 1759 eas.

151 1788 221 1824 hos
252 1794 292 1824 tu
323 1799 390 1824 seu
422 1785 565 1835 pariter
594 1785 674 1824 sive
705 1787 808 1824 hanc
837 1785 997 1824 illumve
1027 1785 1195 1835 priorem

203 1851 356 1898 videris,
389 1853 464 1889 hoc
494 1851 603 1889 dices
636 1854 644 1870 ‘
663 1853 822 1889 Marcus
852 1852 994 1889 havere
1024 1850 1157 1897 iubet,’
1448 1866 1486 1887 10

195 1955 243 1985 111
270 1955 341 1986 hab.
370 1955 402 1986 T.
453 1955 529 1986 Om.
549 1955 604 1985 BA
620 1966 627 1986 ι
643 1955 710 1986 secl.
729 1954 950 1985 Schneidewin
1080 1965 1098 1993 4
1123 1955 1217 1994 operi
1237 1954 1285 1984 CA
1374 1954 1485 1984 tunica

158 1999 185 2029 T
269 2004 325 2029 aut
343 2004 378 2029 tu
396 2000 545 2029 tunicata
561 1998 782 2029 Schneidewin

196 2042 241 2071 IV
264 2042 337 2073 hab.
363 2042 392 2072 T
498 2053 510 2072 1
539 2042 678 2081 requirit
694 2042 754 2071 ΑΑ
771 2042 847 2082 <pro
862 2042 943 2074 —retl
1058 2052 1078 2080 3
1104 2041 1230 2080 rogarit
1249 2041 1330 2071 ΑΑτ
1356 2041 1485 2080 rogabit

154 2085 205 2115 ΒΑ
221 2097 227 2115 z
252 2087 383 2125 rogauit
402 2086 449 2115 CA
469 2086 545 2126 (pro
561 2086 635 2117 -biti
769 2095 788 2124 5
813 2086 919 2116 absim
939 2085 1051 2115 AACA
1067 2097 1074 2116 ε
1098 2086 1185 2115 absit
1202 2085 1256 2114 ΒΑ
1344 2090 1483 2123 quaeret

152 2130 313 2170 breviter]
341 2140 428 2168 quae
453 2129 602 2160 breviter
624 2134 765 2168 quaeret
791 2133 827 2158 ut
851 2129 914 2159 vid.
934 2129 983 2159 CA
1004 2130 1062 2167 (sic
1078 2129 1129 2166 E;
1164 2139 1250 2167 quae
1270 2129 1318 2159 br.
1344 2128 1401 2165 A;
1437 2128 1482 2158 br.

152 2178 291 2211 quaeret
304 2171 448 2212 XBGF)
538 2183 554 2212 7
581 2174 680 2203 uenie
701 2172 749 2203 CA
766 2173 808 2211 <E
818 2178 879 2213 pro
896 2173 937 2212 T)
1007 2173 1088 2202 dicit
1108 2173 1155 2203 CA
1169 2177 1243 2211 (pro
1259 2172 1364 2211 dicet)
1434 2182 1485 2201 re-

152 2217 283 2254 sponde
302 2221 422 2256 poetae
442 2217 490 2246 CA
507 2216 582 2256 (sed
595 2221 642 2247 -ta
659 2215 765 2252 XCG)
898 2217 918 2246 8
943 2216 1150 2246 citharoedis
1170 2216 1218 2246 CA
1236 2216 1292 2254 t-is
1302 2221 1365 2255 pro
1379 2225 1445 2244 -us

196 2260 225 2289 V
252 2270 263 2288 1
292 2270 409 2290 cursus
425 2260 480 2289 BA
611 2270 630 2298 3
655 2260 719 2290 erit
737 2261 767 2290 h.
785 2259 834 2290 CA
966 2270 985 2299 5
1011 2260 1138 2298 primae
1157 2269 1299 2299 quaeres
1316 2260 1348 2289 in
1368 2258 1482 2287 limine·

153 2301 277 2333 Tectae
299 2303 503 2333 Gronom'tts:
535 2304 632 2342 primi
653 2327 659 2334 .
679 2327 686 2334 .
707 2327 713 2334 .
733 2303 811 2333 tecti
831 2303 907 2334 BA:
940 2303 1137 2342 primaeque
1158 2303 1191 2333 in
1215 2303 1355 2333 crimine
1375 2307 1482 2332 tecta«

157 2345 205 2375 CA
336 2358 357 2386 9
381 2348 468 2377 hanc
487 2346 625 2377 illumne
643 2347 696 2376 BA
712 2358 718 2376 :
743 2348 834 2377 hunc
850 2347 985 2377 illamue
1006 2346 1053 2377 CA
1199 2357 1237 2376 10
1262 2346 1385 2376 habere
1403 2346 1482 2385 (pm2

155 2389 291 2419 hauerel
312 2390 400 2421 codd.
492 2390 572 2420 libet
589 2390 643 2420 BA
659 2390 697 2430 <li
710 2395 771 2430 pro
784 2391 837 2429 ju)
1114 2388 1123 2396 ’
