1684 2763
244 134 298 170 M.
332 134 451 170 VAL.
486 134 798 173 MARTIALIS

644 246 751 283 LIX.
789 247 1054 295 Opobalsama.

244 320 424 357 Balsama
453 334 516 358 me
545 320 716 371 capiunt,
747 322 845 360 haec
874 330 964 360 sunt
993 330 1192 372 unguenta
1221 321 1417 361 virorum:

295 383 454 422 delicias
485 385 620 424 Cosmi
648 399 717 424 vos
746 387 929 433 redolete,
961 400 1093 425 nurus.

672 485 757 522 LX.
791 485 1028 522 Lomentmn.

244 560 407 596 Gratum
438 572 580 596 munus
611 558 681 596 erit
709 559 830 597 scisso
860 572 934 596 nee
963 559 1100 597 inutile
1129 559 1264 606 ventri,

296 622 325 659 si
356 623 459 660 clara
487 622 676 672 Stephani
706 623 846 661 balnea
874 625 961 661 luce
990 631 1110 673 petes.

592 722 700 760 LXI.
730 722 931 758 Lanterna
959 734 1103 759 cornea.

246 791 333 826 Dux
363 790 538 828 lanterna
567 790 651 828 viae
681 790 797 828 clusis
826 792 926 829 feror
954 805 1071 829 aurea
1100 792 1278 838 flammis,

296 862 332 891 et
363 862 444 892 tuta
474 863 531 892 est
560 855 708 904 gremio
737 868 854 905 parva
883 857 1042 893 lucerna
1072 870 1172 894 meo.

557 954 686 990 LXII.
717 954 921 990 Lanterna
950 955 993 990 de
1021 955 1149 992 vesica.

244 1022 399 1060 Cornea
428 1021 458 1059 si
488 1035 568 1059 non
598 1036 697 1069 sum,
729 1023 922 1072 numquid
953 1037 1038 1061 sum
1068 1023 1241 1062 fuscior?
1269 1032 1335 1062 aut
1365 1038 1428 1062 me

297 1086 476 1133 vesicam,
510 1096 645 1125 contra
674 1087 741 1137 qui
770 1088 887 1135 venit,
919 1102 1003 1127 esse
1033 1091 1174 1138 putat?

596 1186 737 1223 LXIII
769 1184 951 1236 (LXIV).
988 1188 1128 1225 Tibiae.

246 1254 363 1292 Ebria
393 1267 464 1292 nos
495 1255 663 1293 madidis
694 1256 838 1305 rumpit
868 1256 1028 1294 tibicina
1057 1257 1215 1295 buccis:

298 1332 413 1368 saepe
444 1321 541 1357 duas
572 1320 723 1369 pariter,
756 1334 873 1371 saepe
904 1324 1119 1360 monaulon
1149 1322 1278 1360 habet.

549 1420 682 1456 LXIV
717 1419 907 1471 (LXIII).
938 1421 1100 1458 Fistula.

246 1493 353 1540 Quid
384 1507 446 1532 me
476 1502 710 1544 conpactam
741 1495 837 1533 ceris
867 1504 905 1534 et
935 1496 1155 1534 harundine
1189 1496 1324 1534 rides?

298 1572 398 1607 quae
428 1559 596 1607 primum
628 1568 772 1598 structa
802 1568 860 1598 est
890 1561 1018 1598 fistula
1048 1561 1133 1599 talis
1163 1569 1255 1599 erat.

612 1659 732 1696 LXV.
767 1660 897 1697 Soleae
926 1661 1091 1697 lanatae.

248 1732 424 1770 Defuerit
454 1732 484 1770 si
514 1734 611 1771 forte
642 1747 738 1782 puer
767 1736 972 1784 soleasque
1002 1734 1140 1773 libebit

298 1810 461 1842 sumere,
493 1810 563 1846 pro
593 1810 714 1847 puero
744 1812 812 1848 pes
842 1798 912 1836 erit
940 1798 1023 1848 ipse
1053 1799 1137 1837 sibi.

291 1899 370 1929 LIX
390 1899 463 1930 Ιιαῖ).
482 1898 511 1927 T
551 1900 875 1930 opossALsmvaA
892 1912 898 1931 :
922 1910 1156 1931 OPOBALSAMA
1169 1901 1215 1931 CA
1231 1913 1237 1932 z
1261 1911 1326 1932 om.
1344 1902 1373 1932 T
1460 1911 1472 1930 1
1493 1902 1569 1933 Bal-

246 1941 372 1973 samale
390 1943 529 1981 cupiunt
551 1943 580 1973 T
666 1944 814 1974 nirorum
838 1944 868 1973 T
994 1955 1013 1974 2
1037 1944 1159 1984 cosmi]
1179 1945 1222 1974 mi
1241 1945 1289 1975 CA

291 1985 351 2015 LX
375 1986 447 2015 Ιιαί).
474 1985 503 2015 T
545 1996 707 2016 LoMETvM
731 1987 776 2017 T:
801 1997 989 2017 foMENTvm
1006 1988 1085 2018 BA:
1109 1997 1297 2018 LVMENTVM
1314 1988 1363 2019 CA

248 2029 295 2059 CA
313 2032 348 2065 (o
361 2033 421 2068 pro
439 2029 471 2067 e)

291 2071 368 2101 LXI
393 2072 465 2102 hah.
486 2074 579 2111 (post
597 2073 727 2107 LXIII)
752 2073 911 2113 T(pr1'us
924 2078 1130 2115 om.proptcr
1144 2075 1250 2104 simile
1265 2075 1387 2105 lemma
1403 2074 1437 2104 in
1455 2075 1566 2113 LXII)

1429 1998 1448 2017 2
1472 1994 1570 2028 potes

250 2126 261 2145 1
289 2115 362 2144 Lux
380 2114 462 2146 AA:
487 2117 573 2146 Dum
590 2116 666 2146 BA:
692 2117 768 2146 Dux
786 2116 835 2146 CA
1061 2117 1157 2147 LXII
1183 2118 1254 2149 lmb.
1280 2118 1308 2148 T
1363 2127 1524 2149 LATERNA
1544 2118 1574 2148 T

250 2169 263 2188 1
290 2157 483 2189 fusciorauit
503 2162 581 2200 (om.
601 2162 670 2196 me)
693 2160 722 2189 T
850 2170 868 2189 2
893 2159 1037 2191 besicam
1057 2161 1106 2191 CA

290 2201 404 2231 LXIII
428 2203 502 2233 lmb.
526 2203 556 2233 T
625 2212 721 2232 τῐΒιΑ
744 2202 827 2233 AA:
865 2212 1019 2233 TlBICINA
1050 2203 1106 2233 BA
1137 2204 1187 2243 (cf.
1223 2215 1251 2234 v.
1281 2204 1335 2244 1):
1375 2213 1493 2235 τιΒΙΑΕ
1521 2204 1568 2234 ΕΑ

249 2255 260 2274 1
289 2255 355 2275 non
385 2245 414 2275 T
540 2256 558 2275 2
583 2246 709 2285 pariter
724 2246 863 2276 AABA:
892 2248 997 2284 partis
1015 2246 1063 2277 CA
1150 2257 1256 2287 sepon
1280 2248 1380 2278 aulon
1405 2248 1485 2278 ΑΑε
1519 2248 1568 2278 eis

245 2289 467 2319 aemonaulon
487 2288 534 2319 CA
711 2289 823 2319 LXIV
844 2289 918 2319 lzab.
945 2290 978 2320 T.
1028 2290 1103 2321 Om.
1124 2290 1173 2320 CA

246 2373 274 2403 S
290 2331 478 2403 IIXV-ltal).
510 2332 544 2362 T.
582 2332 658 2363 Om.
677 2332 726 2363 CA
814 2343 832 2362 2
857 2342 918 2371 pes
931 2332 994 2364 erit
1006 2332 1066 2362 ΛΑ
1081 2345 1088 2364 :
1112 2334 1257 2372 proserit
1271 2334 1324 2364 ΒΑ
1339 2345 1346 2365 z
1371 2344 1432 2373 pro
1449 2344 1486 2365 se
1505 2334 1567 2363 erit

275 2386 293 2404 (l
310 2385 437 2405 lnaszlts
