1684 2763
198 145 253 181 M.
285 144 407 181 VAL.
441 142 754 180 MARTIALIS

198 256 373 295 Consule
401 257 604 305 Torquato
633 253 709 292 vici
737 253 809 292 fuit
837 253 901 292 ille
931 252 1122 303 magister,

249 334 330 359 non
360 319 488 358 minor
516 320 554 358 in
584 327 694 358 tanto
721 319 825 357 visus
853 320 1003 357 honore
1031 317 1116 356 sibi.

198 385 367 425 Grandis
396 393 438 424 ut
467 384 645 435 exiguam
675 384 747 423 bos
776 397 909 422 ranam
939 390 1093 434 ruperat
1122 381 1227 427 olim,

251 451 317 498 sic,
348 458 456 501 puto,
487 452 711 500 Torquatus
740 456 894 499 rumpet
924 447 1147 488 Otacilium.
1484 460 1522 481 10

679 538 830 574 LXXX

199 610 329 647 Plorat
360 610 469 654 Eros,
501 606 683 657 quotiens
713 607 935 644 maculosae
964 606 1107 654 pocula
1135 617 1286 642 murrae

252 673 409 723 inspicit
436 680 503 710 aut
532 684 673 721 pueros
703 670 923 709 nobiliusve
952 669 1103 716 citrum,

200 746 237 777 et
266 738 433 788 gemitus
463 737 543 775 imo
573 735 681 774 ducit
711 737 761 774 de
790 743 948 785 pectore
978 736 1086 785 quod
1116 747 1196 772 non

254 810 335 841 tota
365 802 480 840 miser
509 803 663 840 coemat
693 801 835 850 Saepta
864 801 1038 850 feratque
1067 801 1243 841 domum.

201 869 332 916 Quam
363 866 475 905 multi
503 866 650 904 faciunt
677 866 785 915 quod
816 867 914 903 Eros
945 866 1014 903 sed
1043 864 1192 902 lumine
1221 863 1348 902 sicco!
1509 880 1525 910 5

254 946 341 983 pars
371 931 494 970 maior
520 930 699 969 lacrimas
727 930 827 969 ridet
855 938 893 969 et
922 930 1025 968 intus
1054 930 1184 968 habet.

670 1019 843 1055 LXXXI

203 1092 305 1130 Curn
335 1091 416 1128 duo
444 1088 642 1127 venissent
670 1089 722 1126 ad
752 1088 931 1137 Phyllida
961 1101 1075 1126 mane
1104 1088 1275 1124 fututum

256 1163 293 1193 et
323 1155 471 1192 nudam
501 1160 661 1202 cuperet
689 1166 842 1191 sumere
872 1161 1034 1202 uterque
1063 1151 1178 1201 prior,

203 1218 381 1268 promisit
409 1217 551 1267 pariter
580 1231 620 1256 se
651 1217 796 1266 Phyllis
826 1217 979 1266 utrique
1009 1217 1199 1262 daturam,

257 1291 295 1322 et
325 1283 457 1322 dedit:
496 1282 560 1320 ille
589 1283 732 1332 pedem
762 1281 927 1328 sustulit,
959 1281 1023 1319 hic
1052 1280 1235 1319 tunicam.

660 1370 857 1406 LXXXII

205 1440 245 1479 Si
274 1440 369 1490 quid
399 1447 531 1478 nostra
560 1439 635 1477 tuis
663 1438 783 1477 adicit
811 1438 963 1477 vexatio
992 1438 1119 1485 rebus,

260 1519 375 1543 mane
404 1506 464 1543 vel
493 1518 516 1542 a
544 1504 675 1542 media
703 1511 820 1542 nocte
850 1511 1003 1552 togatus
1033 1516 1098 1541 ero

207 1570 493 1619 stridentesque
523 1571 643 1607 feram
674 1570 786 1606 flatus
815 1567 1010 1617 aquilonis
1040 1567 1161 1616 iniqui

261 1643 299 1674 et
328 1634 451 1684 patiar
479 1634 636 1672 nimbos
666 1634 936 1683 excipiamque
966 1633 1084 1670 nives.

209 1701 287 1739 Sed
317 1700 348 1738 si
378 1713 457 1738 non
488 1700 557 1737 fias
587 1700 804 1748 quadrante
834 1697 983 1736 beatior
1012 1711 1092 1736 uno
1516 1713 1532 1743 5

262 1779 331 1815 per
359 1765 525 1814 gemitus
555 1772 708 1803 nostros
738 1764 1006 1813 ingenuasque
1035 1775 1179 1808 cruces,

211 1843 339 1880 parce,
368 1842 517 1879 precor,
546 1830 648 1866 fesso
677 1841 878 1877 vanosque
908 1827 1060 1865 remitte
1088 1827 1240 1865 labores

265 1893 332 1944 qui
361 1893 431 1932 tibi
462 1907 542 1931 non
571 1900 734 1942 prosunt
764 1900 801 1930 et
831 1891 939 1939 mihi,
972 1892 1095 1938 Galle,
1127 1899 1282 1929 nocent.

258 1997 407 2027 LXXIX
434 2007 451 2035 7
476 1996 593 2027 consul
611 2000 787 2034 torquatus
805 1995 854 2026 CA
1011 1996 1030 2025 8
1055 1996 1184 2024 minore
1203 1994 1252 2024 CA
1270 1993 1342 2033 (sed
1356 1995 1465 2025 minor
1479 1994 1535 2027 Xl,

214 2052 234 2080 9
258 2051 326 2071 uox
345 2039 394 2070 CA
412 2043 490 2080 (pro
505 2040 582 2080 bos)
698 2050 737 2069 10
761 2044 894 2077 rumpet
910 2039 983 2070 BA:
1011 2039 1135 2077 rumpit
1154 2038 1201 2068 CA
1219 2039 1300 2077 (pro
1316 2039 1400 2073 -et?)
1469 2042 1538 2068 ota-

215 2084 311 2115 cilius
331 2083 380 2114 CA
800 2082 930 2112 LXXX
947 2083 1019 2113 hab.
1045 2082 1074 2112 T
1161 2091 1174 2110 1
1201 2079 1350 2120 murrae]
1367 2086 1441 2111 tere
1456 2080 1538 2110 AA:

217 2138 326 2158 murra
343 2126 441 2167 <Em
460 2126 508 2156 vel
523 2136 595 2156 -rae
615 2126 696 2165 (we)
717 2125 766 2156 CA
941 2136 960 2155 2
986 2135 1091 2165 puero
1114 2124 1162 2154 CA
1346 2133 1366 2162 3
1391 2124 1471 2163 quid
1490 2123 1537 2154 CA

217 2183 235 2210 4
261 2171 456 2201 misecemat
478 2169 525 2199 T:
550 2170 652 2199 miser
673 2168 766 2209 (-ser)
786 2179 902 2199 coema
917 2168 966 2198 CA
1162 2177 1193 2207 5⁷
1213 2169 1233 2197 6
1249 2167 1298 2197 vel
1311 2168 1356 2197 sic
1368 2167 1539 2207 distingue,

218 2215 304 2245 Eros
320 2217 325 2245 l
350 2214 408 2243 sed
428 2213 447 2244 1.
466 2213 505 2243 si.
526 2223 603 2251 pars
823 2211 972 2242 LXXXI
996 2211 1070 2242 lzab.
1088 2210 1116 2240 T
1194 2220 1207 2239 1
1234 2210 1369 2241 salitum
1386 2209 1447 2240 AA
1460 2211 1540 2250 (pro

218 2258 375 2295 fututum)
496 2265 516 2294 3
541 2256 692 2294 utrisque
709 2254 790 2285 ΑΑι
815 2255 947 2293 utrique
964 2254 1041 2284 BA:
1066 2260 1206 2293 uterque
1226 2253 1353 2294 (EXA
1372 2257 1447 2284 ante
1459 2263 1537 2283 corr.

220 2305 256 2331 ut
270 2300 349 2337 vicl.)
368 2299 416 2330 vel
430 2299 561 2338 utrique
581 2299 629 2329 CA
878 2297 1045 2328 LXXXII
1069 2297 1144 2328 lmb.
1168 2297 1197 2327 T
1281 2307 1299 2326 2
1324 2307 1404 2327 eroo
1427 2296 1543 2327 Tanta

220 2355 298 2375 corr.
322 2343 400 2382 (pro
417 2353 456 2373 eo
473 2353 549 2373 corr.
567 2352 625 2373 ero
639 2343 665 2383 12)
794 2351 813 2379 5
838 2341 866 2371 si
883 2352 947 2372 om.
972 2341 1001 2371 T
1122 2351 1138 2380 7
1163 2340 1251 2371 sesso
1268 2339 1387 2371 ΑΑΒΑ
1403 2351 1410 2370 z
1433 2340 1540 2371 lassos

222 2387 271 2418 CA
289 2388 371 2426 (pro
388 2386 489 2426 lasso)
