1684 2763
211 140 265 176 M.
298 139 419 178 VAL.
452 140 766 178 MARTIALIS

315 265 496 291 casurum
526 252 596 291 tibi
626 252 788 292 rusticas
817 253 868 292 ad
897 266 982 292 aras

315 319 458 357 ducam
488 318 673 357 cornibus
702 317 828 357 aureis
856 317 1079 357 iuvencum.
1501 334 1540 356 10

316 380 419 418 Nata
448 387 506 419 est
534 380 672 428 hostia,
705 381 894 430 Phoebe3
931 380 1027 430 quid
1057 379 1247 418 moraris?

691 468 834 507 XLIII

213 537 293 576 Hic
323 537 389 588 qui
419 538 516 576 dura
545 538 687 576 sedens
716 545 896 587 porrecto
926 551 1017 576 saxa
1046 539 1162 576 leone

264 602 423 652 mitigat,
457 602 596 652 exiguo
626 615 791 652 magnus
820 602 859 639 in
889 615 978 640 aere
1008 603 1117 649 deus,

209 680 390 717 quaeque
419 666 506 705 tulit
535 674 685 717 spectat
713 666 898 718 resupino
927 666 1054 706 sidera
1082 668 1203 713 vultu,

263 732 373 771 cuius
402 733 512 770 laeva
541 733 641 770 calet
670 733 822 779 robore,
853 733 988 771 dextra
1017 745 1150 771 mero:

211 811 290 835 non
321 805 378 836 est
407 798 511 835 sarna
539 810 674 836 recens
705 810 778 835 nee
807 797 929 836 nostri
958 797 1079 847 gloria
1108 796 1204 836 caeli
1220 812 1229 844 3

264 862 397 901 nobile
427 861 588 913 Lysippi
618 876 761 901 munus
791 876 971 914 opusque
1001 863 1121 901 vides.

212 930 287 966 hoc
317 927 453 966 habuit
483 941 630 966 numen
662 927 806 966 Pellaei
836 941 972 966 mensa
1001 927 1163 978 tyranni,

265 993 331 1042 qui
361 992 439 1031 cito
469 992 691 1043 perdomito
720 993 844 1032 victor
872 993 911 1031 in
941 993 1037 1032 orbe
1066 992 1191 1039 iacet3

212 1060 316 1097 hunc
346 1071 442 1108 puer
470 1059 521 1096 ad
552 1058 719 1108 Libycas
748 1058 938 1096 iuraverat
969 1057 1174 1096 Hannibal
1203 1069 1310 1104 aras3

265 1123 427 1161 iusserat
455 1122 520 1161 hic
549 1124 696 1161 Sullam
726 1136 873 1173 ponere
902 1136 1020 1173 regna
1049 1130 1208 1162 trucem.
1506 1137 1543 1157 10

213 1188 397 1225 Offensus
426 1186 554 1225 variae
584 1186 744 1225 tumidis
775 1187 984 1225 terroribus
1013 1188 1126 1225 aulae

266 1252 435 1302 privatos
464 1253 609 1302 gaudet
638 1265 743 1290 nunc
773 1251 948 1291 habitare
978 1253 1086 1298 lares,

213 1326 333 1366 utque
363 1316 434 1355 fuit
464 1318 665 1366 quondam
696 1316 840 1367 placidi
869 1316 1034 1355 conviva
1065 1315 1272 1361 Molorchi,

267 1382 321 1420 sic
351 1381 473 1420 voluit
503 1381 609 1420 docti
640 1381 820 1420 Vindicis
850 1395 935 1420 esse
965 1382 1072 1420 deus.

697 1481 833 1518 XLIV

324 1550 490 1588 Alciden
521 1550 642 1588 modo
671 1549 850 1588 Vindicis
880 1550 1065 1600 rogabam

323 1623 424 1653 esset
454 1614 563 1653 cuius
593 1629 692 1665 opus
723 1616 911 1665 laborque
941 1614 1040 1653 felix.

328 1680 437 1727 Risit,
470 1694 560 1718 narn
591 1682 690 1719 solet
719 1681 806 1727 hoc,
838 1679 992 1730 levique
1022 1687 1119 1717 nutu

327 1746 502 1782 ‘Gracco
531 1744 746 1794 numquid’
775 1745 828 1783 ait
860 1748 1001 1795 ‘pocta
1031 1743 1188 1782 nescis?

324 1808 508 1858 inscripta
538 1817 595 1847 est
624 1809 728 1847 basis
758 1808 985 1858 indicatque
1015 1809 1185 1846 nomen.’

326 1875 523 1911 Avcn'vrn-ov
552 1875 649 1923 lego,
684 1873 847 1911 Phidiae
877 1873 1020 1924 putavi.

719 1961 830 1998 XLV

222 2032 337 2070 Miles
370 2032 650 2081 Hyperboreos
682 2033 812 2078 inodo,
847 2030 1087 2076 Marcellino,
1121 2030 1263 2068 triones

274 2105 310 2134 et
341 2095 467 2134 Getici
499 2097 640 2134 tuleras
670 2095 796 2134 sidera
826 2095 933 2145 pigra
962 2095 1067 2145 poli:

266 2190 360 2221 XLII
390 2200 423 2220 11
444 2190 529 2221 Vota
546 2190 704 2221 Hm‘nsz'ns
793 2190 849 2230 qui
868 2190 916 2220 CA
1092 2189 1206 2219 XLIII
1233 2189 1252 2219 8
1269 2189 1350 2219 urbe
1369 2187 1418 2219 CA
1511 2199 1549 2218 10

220 2235 337 2274 syllam
352 2233 439 2264 codd.
523 2245 534 2264 1
545 2244 557 2263 1
578 2234 754 2264 Offensum
770 2233 818 2264 CA
911 2243 947 2263 12
972 2233 1121 2272 priuatus
1136 2232 1186 2263 CA
1278 2243 1313 2270 14
1332 2232 1485 2262 uindices
1495 2232 1548 2262 ΒΑ

221 2280 289 2317 (aze.
309 2277 389 2308 -cisi
409 2289 414 2307 :
441 2277 547 2308 uineis
565 2278 612 2308 CA
789 2277 901 2306 XLIV
929 2287 940 2306 1
962 2277 1105 2307 uindicis
1118 2276 1193 2306 BA:
1218 2276 1386 2306 uindicem
1400 2275 1447 2306 CA
1468 2276 1548 2315 (pro

220 2321 328 2361 -ccs?)
419 2321 556 2351 Alcides
573 2345 580 2352 .
600 2344 606 2352 .
627 2345 635 2352 .
654 2321 830 2351 Vindicem
854 2320 900 2351 ccl.
919 2331 947 2350 a.
968 2330 1003 2357 14
1012 2329 1049 2358 73
1138 2330 1157 2349 ε
1182 2324 1292 2350 cesset
1309 2330 1335 2349 c.
1358 2318 1408 2348 CA
1426 2319 1548 2359 (antia-

218 2367 352 2404 paverat
366 2365 467 2395 scriba
482 2368 662 2404 sequentem
680 2364 798 2402 vocem)
868 2374 887 2401 4
911 2364 961 2393 ais
975 2363 1023 2393 CA
1111 2364 1132 2392 6
1158 2363 1341 2402 Lysippum
1356 2362 1441 2403 (Li-3
1458 2361 1545 2391 codd.

223 2409 299 2447 (pro
311 2418 356 2447 -u,
372 2407 389 2438 ι’.
402 2419 425 2439 e.
440 2419 489 2437 -ov
501 2409 525 2447 2)
660 2407 752 2439 XLV
770 2417 788 2437 2
806 2407 907 2446 getici
918 2406 991 2437 BA:
1014 2406 1122 2445 getica
1139 2406 1185 2437 CA
1232 2406 1298 2445 poli
1310 2405 1362 2435 ΒΑ
1377 2417 1383 2435 :
1407 2405 1485 2444 polo
1500 2404 1547 2434 CA
