<?xml version="1.0" encoding="UTF-8"?>
<!DOCTYPE html PUBLIC "-//W3C//DTD XHTML 1.0 Transitional//EN"
    "http://www.w3.org/TR/xhtml1/DTD/xhtml1-transitional.dtd">
<html xmlns="http://www.w3.org/1999/xhtml" xml:lang="en" lang="en">
 <head>
  <title>
</title>
<meta http-equiv="Content-Type" content="text/html;charset=utf-8" />
  <meta name='ocr-system' content='tesseract 3.04.00' />
  <meta name='ocr-capabilities' content='ocr_page ocr_carea ocr_par ocr_line ocrx_word'/>
</head>
<body>
  <div class='ocr_page' id='page_1' title='image "./epigrammatarecog00martuoft/epigrammatarecog00martuoft_0230.png"; bbox 0 0 1684 2763; ppageno 0'>
   <div class='ocr_carea' id='block_1_1' title="bbox 221 155 775 196">
    <p class='ocr_par' dir='ltr' id='par_1_1' title="bbox 221 155 775 196">
     <span class='ocr_line' id='line_1_1' title="bbox 221 155 775 196; baseline -0.005 -1"><span class='ocrx_word' id='word_1_1' title='bbox 221 159 276 196; x_wconf 85' lang='lat' dir='ltr'>M.</span> <span class='ocrx_word' id='word_1_2' title='bbox 309 158 429 194; x_wconf 75' lang='lat' dir='ltr'>VAL.</span> <span class='ocrx_word' id='word_1_3' title='bbox 464 155 775 193; x_wconf 83' lang='lat' dir='ltr'><strong>MARTIALIS</strong></span> 
     </span>
    </p>
   </div>
   <div class='ocr_carea' id='block_1_2' title="bbox 221 266 1228 583">
    <p class='ocr_par' dir='ltr' id='par_1_2' title="bbox 221 266 1228 583">
     <span class='ocr_line' id='line_1_2' title="bbox 783 266 876 303; baseline -0.022 0"><span class='ocrx_word' id='word_1_4' title='bbox 783 266 876 303; x_wconf 80' lang='lat' dir='ltr'><strong>LVI</strong></span> 
     </span>
     <span class='ocr_line' id='line_1_3' title="bbox 221 333 1195 388; baseline -0.007 -11"><span class='ocrx_word' id='word_1_5' title='bbox 221 342 336 378; x_wconf 80' lang='lat' dir='ltr'><strong>Astra</strong></span> <span class='ocrx_word' id='word_1_6' title='bbox 366 339 581 388; x_wconf 84' lang='lat' dir='ltr'>polumque</span> <span class='ocrx_word' id='word_1_7' title='bbox 611 337 674 387; x_wconf 90' lang='lat' dir='ltr'>pie</span> <span class='ocrx_word' id='word_1_8' title='bbox 704 336 841 385; x_wconf 80' lang='lat' dir='ltr'>cepisti</span> <span class='ocrx_word' id='word_1_9' title='bbox 873 342 1015 381; x_wconf 86' lang='lat' dir='ltr'>mente,</span> <span class='ocrx_word' id='word_1_10' title='bbox 1050 333 1195 377; x_wconf 77' lang='lat' dir='ltr'>Rabiri,</span> 
     </span>
     <span class='ocr_line' id='line_1_4' title="bbox 278 399 1199 451; baseline -0.008 -10"><span class='ocrx_word' id='word_1_11' title='bbox 278 403 520 441; x_wconf 79' lang='lat' dir='ltr'>Parrhasiam</span> <span class='ocrx_word' id='word_1_12' title='bbox 551 401 645 439; x_wconf 90' lang='lat' dir='ltr'>mira</span> <span class='ocrx_word' id='word_1_13' title='bbox 676 401 742 451; x_wconf 86' lang='lat' dir='ltr'>qui</span> <span class='ocrx_word' id='word_1_14' title='bbox 772 399 885 438; x_wconf 89' lang='lat' dir='ltr'>struis</span> <span class='ocrx_word' id='word_1_15' title='bbox 914 407 995 437; x_wconf 86' lang='lat' dir='ltr'>arte</span> <span class='ocrx_word' id='word_1_16' title='bbox 1024 400 1199 437; x_wconf 89' lang='lat' dir='ltr'>domum.</span> 
     </span>
     <span class='ocr_line' id='line_1_5' title="bbox 227 463 1228 517; baseline -0.009 -9"><span class='ocrx_word' id='word_1_17' title='bbox 227 469 414 508; x_wconf 83' lang='lat' dir='ltr'>Phidiaco</span> <span class='ocrx_word' id='word_1_18' title='bbox 443 468 474 506; x_wconf 86' lang='lat' dir='ltr'>si</span> <span class='ocrx_word' id='word_1_19' title='bbox 504 467 622 517; x_wconf 78' lang='lat' dir='ltr'>digna</span> <span class='ocrx_word' id='word_1_20' title='bbox 652 466 736 505; x_wconf 86' lang='lat' dir='ltr'>Iovi</span> <span class='ocrx_word' id='word_1_21' title='bbox 767 466 859 504; x_wconf 87' lang='lat' dir='ltr'>dare</span> <span class='ocrx_word' id='word_1_22' title='bbox 888 466 1034 513; x_wconf 91' lang='lat' dir='ltr'>templa</span> <span class='ocrx_word' id='word_1_23' title='bbox 1064 463 1228 513; x_wconf 75' lang='lat' dir='ltr'>parabit,</span> 
     </span>
     <span class='ocr_line' id='line_1_6' title="bbox 277 530 1207 583; baseline -0.009 -11"><span class='ocrx_word' id='word_1_24' title='bbox 277 536 347 572; x_wconf 85' lang='lat' dir='ltr'>has</span> <span class='ocrx_word' id='word_1_25' title='bbox 376 540 481 583; x_wconf 88' lang='lat' dir='ltr'>petet</span> <span class='ocrx_word' id='word_1_26' title='bbox 511 546 533 570; x_wconf 83' lang='lat' dir='ltr'>a</span> <span class='ocrx_word' id='word_1_27' title='bbox 564 539 696 570; x_wconf 87' lang='lat' dir='ltr'>nostro</span> <span class='ocrx_word' id='word_1_28' title='bbox 728 530 815 568; x_wconf 88' lang='lat' dir='ltr'>Pisa</span> <span class='ocrx_word' id='word_1_29' title='bbox 844 531 1027 567; x_wconf 79' lang='lat' dir='ltr'>Tonante</span> <span class='ocrx_word' id='word_1_30' title='bbox 1059 542 1207 566; x_wconf 85' lang='lat' dir='ltr'>manus.</span> 
     </span>
    </p>
   </div>
   <div class='ocr_carea' id='block_1_3' title="bbox 226 623 1211 812">
    <p class='ocr_par' dir='ltr' id='par_1_3' title="bbox 226 623 1211 812">
     <span class='ocr_line' id='line_1_7' title="bbox 772 623 888 660; baseline -0.009 0"><span class='ocrx_word' id='word_1_31' title='bbox 772 623 888 660; x_wconf 73' lang='lat' dir='ltr'><strong>LVII</strong></span> 
     </span>
     <span class='ocr_line' id='line_1_8' title="bbox 226 690 1211 737; baseline -0.009 -1"><span class='ocrx_word' id='word_1_32' title='bbox 226 700 389 737; x_wconf 79' lang='lat' dir='ltr'>Castora</span> <span class='ocrx_word' id='word_1_33' title='bbox 418 697 469 734; x_wconf 90' lang='lat' dir='ltr'>de</span> <span class='ocrx_word' id='word_1_34' title='bbox 500 696 659 732; x_wconf 80' lang='lat' dir='ltr'>Polluce</span> <span class='ocrx_word' id='word_1_35' title='bbox 690 692 859 732; x_wconf 80' lang='lat' dir='ltr'>Gabinia</span> <span class='ocrx_word' id='word_1_36' title='bbox 888 691 977 730; x_wconf 87' lang='lat' dir='ltr'>fecit</span> <span class='ocrx_word' id='word_1_37' title='bbox 1008 690 1211 728; x_wconf 78' lang='lat' dir='ltr'>Achillan:</span> 
     </span>
     <span class='ocr_line' id='line_1_9' title="bbox 278 756 1151 812; baseline -0.008 -12"><span class='ocrx_word' id='word_1_38' title='bbox 278 763 352 807; x_wconf 71' lang='grc' dir='ltr'>πὺξ</span> <span class='ocrx_word' id='word_1_39' title='bbox 370 761 507 812; x_wconf 84' lang='grc' dir='ltr'>ἀγαθός</span> <span class='ocrx_word' id='word_1_40' title='bbox 536 760 670 805; x_wconf 85' lang='lat' dir='ltr'>fuerat,</span> <span class='ocrx_word' id='word_1_41' title='bbox 701 771 806 795; x_wconf 90' lang='lat' dir='ltr'>nunc</span> <span class='ocrx_word' id='word_1_42' title='bbox 835 756 905 795; x_wconf 86' lang='lat' dir='ltr'>erit</span> <span class='ocrx_word' id='word_1_43' title='bbox 936 756 1151 805; x_wconf 84' lang='grc' dir='ltr'>ἱππόδαμος.</span> 
     </span>
    </p>
   </div>
   <div class='ocr_carea' id='block_1_4' title="bbox 766 845 907 882">
    <p class='ocr_par' dir='ltr' id='par_1_4' title="bbox 766 845 907 882">
     <span class='ocr_line' id='line_1_10' title="bbox 766 845 907 882; baseline -0.007 0"><span class='ocrx_word' id='word_1_44' title='bbox 766 845 907 882; x_wconf 85' lang='lat' dir='ltr'><strong>LVIII</strong></span> 
     </span>
    </p>
   </div>
   <div class='ocr_carea' id='block_1_5' title="bbox 229 912 1561 1544">
    <p class='ocr_par' dir='ltr' id='par_1_5' title="bbox 231 912 1288 1029">
     <span class='ocr_line' id='line_1_11' title="bbox 231 912 1265 966; baseline -0.008 -8"><span class='ocrx_word' id='word_1_45' title='bbox 231 922 314 958; x_wconf 87' lang='lat' dir='ltr'>Iam</span> <span class='ocrx_word' id='word_1_46' title='bbox 345 932 410 957; x_wconf 82' lang='lat' dir='ltr'>sex</span> <span class='ocrx_word' id='word_1_47' title='bbox 439 926 505 956; x_wconf 89' lang='lat' dir='ltr'>aut</span> <span class='ocrx_word' id='word_1_48' title='bbox 536 924 685 966; x_wconf 80' lang='lat' dir='ltr'><strong>septem</strong></span> <span class='ocrx_word' id='word_1_49' title='bbox 716 914 894 964; x_wconf 82' lang='lat' dir='ltr'>nupsisti,</span> <span class='ocrx_word' id='word_1_50' title='bbox 927 915 1050 960; x_wconf 87' lang='lat' dir='ltr'>Galla,</span> <span class='ocrx_word' id='word_1_51' title='bbox 1082 912 1265 957; x_wconf 77' lang='lat' dir='ltr'>cinaedis,</span> 
     </span>
     <span class='ocr_line' id='line_1_12' title="bbox 282 977 1288 1029; baseline -0.008 -7"><span class='ocrx_word' id='word_1_52' title='bbox 282 985 377 1022; x_wconf 91' lang='lat' dir='ltr'>dum</span> <span class='ocrx_word' id='word_1_53' title='bbox 407 995 522 1021; x_wconf 88' lang='lat' dir='ltr'>coma</span> <span class='ocrx_word' id='word_1_54' title='bbox 552 989 589 1019; x_wconf 89' lang='lat' dir='ltr'>te</span> <span class='ocrx_word' id='word_1_55' title='bbox 619 980 785 1018; x_wconf 90' lang='lat' dir='ltr'>nimium</span> <span class='ocrx_word' id='word_1_56' title='bbox 815 992 993 1029; x_wconf 84' lang='lat' dir='ltr'>pexaque</span> <span class='ocrx_word' id='word_1_57' title='bbox 1023 978 1143 1016; x_wconf 89' lang='lat' dir='ltr'>barba</span> <span class='ocrx_word' id='word_1_58' title='bbox 1174 977 1288 1015; x_wconf 87' lang='lat' dir='ltr'>iuvat.</span> 
     </span>
    </p>

    <p class='ocr_par' dir='ltr' id='par_1_6' title="bbox 229 1042 1300 1163">
     <span class='ocr_line' id='line_1_13' title="bbox 229 1042 1300 1097; baseline -0.009 -9"><span class='ocrx_word' id='word_1_59' title='bbox 229 1050 374 1088; x_wconf 87' lang='lat' dir='ltr'>deinde</span> <span class='ocrx_word' id='word_1_60' title='bbox 404 1054 560 1097; x_wconf 75' lang='lat' dir='ltr'>experta</span> <span class='ocrx_word' id='word_1_61' title='bbox 589 1048 688 1083; x_wconf 87' lang='lat' dir='ltr'>latus</span> <span class='ocrx_word' id='word_1_62' title='bbox 719 1045 961 1094; x_wconf 83' lang='lat' dir='ltr'>madidoque</span> <span class='ocrx_word' id='word_1_63' title='bbox 991 1042 1188 1081; x_wconf 90' lang='lat' dir='ltr'>simillima</span> <span class='ocrx_word' id='word_1_64' title='bbox 1217 1043 1300 1079; x_wconf 86' lang='lat' dir='ltr'>loro</span> 
     </span>
     <span class='ocr_line' id='line_1_14' title="bbox 283 1113 1113 1163; baseline -0.008 -12"><span class='ocrx_word' id='word_1_65' title='bbox 283 1113 443 1163; x_wconf 79' lang='lat' dir='ltr'>inguina</span> <span class='ocrx_word' id='word_1_66' title='bbox 471 1125 543 1149; x_wconf 92' lang='lat' dir='ltr'>nec</span> <span class='ocrx_word' id='word_1_67' title='bbox 572 1113 673 1148; x_wconf 80' lang='lat' dir='ltr'>lassa</span> <span class='ocrx_word' id='word_1_68' title='bbox 701 1117 800 1148; x_wconf 87' lang='lat' dir='ltr'>stare</span> <span class='ocrx_word' id='word_1_69' title='bbox 830 1116 967 1147; x_wconf 86' lang='lat' dir='ltr'>coacta</span> <span class='ocrx_word' id='word_1_70' title='bbox 996 1121 1113 1145; x_wconf 92' lang='lat' dir='ltr'>manu</span> 
     </span>
    </p>

    <p class='ocr_par' dir='ltr' id='par_1_7' title="bbox 231 1171 1283 1287">
     <span class='ocr_line' id='line_1_15' title="bbox 231 1171 1283 1222; baseline -0.009 -5"><span class='ocrx_word' id='word_1_71' title='bbox 231 1178 376 1218; x_wconf 82' lang='lat' dir='ltr'>deseris</span> <span class='ocrx_word' id='word_1_72' title='bbox 405 1177 568 1215; x_wconf 76' lang='lat' dir='ltr'>inbelles</span> <span class='ocrx_word' id='word_1_73' title='bbox 598 1177 791 1213; x_wconf 84' lang='lat' dir='ltr'>thalamos</span> <span class='ocrx_word' id='word_1_74' title='bbox 821 1175 1060 1222; x_wconf 82' lang='lat' dir='ltr'>mollemque</span> <span class='ocrx_word' id='word_1_75' title='bbox 1090 1171 1283 1215; x_wconf 83' lang='lat' dir='ltr'>maritum,</span> 
     </span>
     <span class='ocr_line' id='line_1_16' title="bbox 285 1238 1207 1287; baseline -0.009 -6"><span class='ocrx_word' id='word_1_76' title='bbox 285 1256 414 1281; x_wconf 82' lang='lat' dir='ltr'>rursus</span> <span class='ocrx_word' id='word_1_77' title='bbox 445 1250 481 1279; x_wconf 87' lang='lat' dir='ltr'>et</span> <span class='ocrx_word' id='word_1_78' title='bbox 511 1241 550 1278; x_wconf 92' lang='lat' dir='ltr'>in</span> <span class='ocrx_word' id='word_1_79' title='bbox 581 1239 726 1278; x_wconf 85' lang='lat' dir='ltr'>similes</span> <span class='ocrx_word' id='word_1_80' title='bbox 756 1238 907 1277; x_wconf 85' lang='lat' dir='ltr'>decidis</span> <span class='ocrx_word' id='word_1_81' title='bbox 937 1251 1061 1287; x_wconf 85' lang='lat' dir='ltr'>usque</span> <span class='ocrx_word' id='word_1_82' title='bbox 1091 1244 1207 1274; x_wconf 84' lang='lat' dir='ltr'>toros.</span> 
     </span>
    </p>

    <p class='ocr_par' dir='ltr' id='par_1_8' title="bbox 233 1302 1460 1410">
     <span class='ocr_line' id='line_1_17' title="bbox 233 1302 1460 1358; baseline -0.008 -12"><span class='ocrx_word' id='word_1_83' title='bbox 233 1311 389 1358; x_wconf 81' lang='lat' dir='ltr'>Quaere</span> <span class='ocrx_word' id='word_1_84' title='bbox 417 1307 587 1355; x_wconf 85' lang='lat' dir='ltr'>aliquem</span> <span class='ocrx_word' id='word_1_85' title='bbox 619 1304 758 1343; x_wconf 80' lang='lat' dir='ltr'>Curios</span> <span class='ocrx_word' id='word_1_86' title='bbox 788 1316 941 1352; x_wconf 87' lang='lat' dir='ltr'>semper</span> <span class='ocrx_word' id='word_1_87' title='bbox 971 1302 1193 1351; x_wconf 79' lang='lat' dir='ltr'>Fabiosque</span> <span class='ocrx_word' id='word_1_88' title='bbox 1222 1302 1460 1349; x_wconf 72' lang='lat' dir='ltr'>loquentem,</span> 
     </span>
     <span class='ocr_line' id='line_1_18' title="bbox 287 1368 1116 1410; baseline -0.007 0"><span class='ocrx_word' id='word_1_89' title='bbox 287 1373 478 1410; x_wconf 85' lang='lat' dir='ltr'>hirsutum</span> <span class='ocrx_word' id='word_1_90' title='bbox 509 1378 547 1408; x_wconf 92' lang='lat' dir='ltr'>et</span> <span class='ocrx_word' id='word_1_91' title='bbox 576 1371 671 1407; x_wconf 84' lang='lat' dir='ltr'>dura</span> <span class='ocrx_word' id='word_1_92' title='bbox 702 1368 914 1406; x_wconf 80' lang='lat' dir='ltr'>rusticitate</span> <span class='ocrx_word' id='word_1_93' title='bbox 943 1374 1116 1405; x_wconf 88' lang='lat' dir='ltr'>trucem:</span> 
     </span>
    </p>

    <p class='ocr_par' dir='ltr' id='par_1_9' title="bbox 235 1430 1561 1544">
     <span class='ocr_line' id='line_1_19' title="bbox 235 1430 1402 1482; baseline -0.008 -6"><span class='ocrx_word' id='word_1_94' title='bbox 235 1437 431 1476; x_wconf 81' lang='lat' dir='ltr'>invenies:</span> <span class='ocrx_word' id='word_1_95' title='bbox 471 1437 539 1473; x_wconf 87' lang='lat' dir='ltr'>sed</span> <span class='ocrx_word' id='word_1_96' title='bbox 570 1435 688 1472; x_wconf 83' lang='lat' dir='ltr'>habet</span> <span class='ocrx_word' id='word_1_97' title='bbox 718 1433 834 1471; x_wconf 85' lang='lat' dir='ltr'>tristis</span> <span class='ocrx_word' id='word_1_98' title='bbox 864 1445 1023 1482; x_wconf 84' lang='lat' dir='ltr'>quoque</span> <span class='ocrx_word' id='word_1_99' title='bbox 1052 1431 1163 1469; x_wconf 87' lang='lat' dir='ltr'>turba</span> <span class='ocrx_word' id='word_1_100' title='bbox 1194 1430 1402 1468; x_wconf 84' lang='lat' dir='ltr'>cinaedos:</span> 
     </span>
     <span class='ocr_line' id='line_1_20' title="bbox 288 1496 1561 1544; baseline -0.009 -3"><span class='ocrx_word' id='word_1_101' title='bbox 288 1501 443 1541; x_wconf 82' lang='lat' dir='ltr'>difficile</span> <span class='ocrx_word' id='word_1_102' title='bbox 473 1508 530 1538; x_wconf 77' lang='lat' dir='ltr'>est</span> <span class='ocrx_word' id='word_1_103' title='bbox 560 1512 650 1537; x_wconf 84' lang='lat' dir='ltr'>vero</span> <span class='ocrx_word' id='word_1_104' title='bbox 680 1499 838 1544; x_wconf 86' lang='lat' dir='ltr'>nubere,</span> <span class='ocrx_word' id='word_1_105' title='bbox 870 1499 992 1543; x_wconf 85' lang='lat' dir='ltr'>Galla,</span> <span class='ocrx_word' id='word_1_106' title='bbox 1024 1496 1115 1534; x_wconf 82' lang='lat' dir='ltr'>viro.</span> <span class='ocrx_word' id='word_1_107' title='bbox 1524 1508 1561 1531; x_wconf 87' lang='lat'>10</span> 
     </span>
    </p>
   </div>
   <div class='ocr_carea' id='block_1_6' title="bbox 238 1653 1305 1762">
    <p class='ocr_par' dir='ltr' id='par_1_10' title="bbox 238 1653 1305 1762">
     <span class='ocr_line' id='line_1_21' title="bbox 238 1653 1305 1706; baseline -0.009 -7"><span class='ocrx_word' id='word_1_108' title='bbox 238 1662 331 1699; x_wconf 88' lang='lat' dir='ltr'>Non</span> <span class='ocrx_word' id='word_1_109' title='bbox 361 1666 474 1697; x_wconf 86' lang='lat' dir='ltr'>cenat</span> <span class='ocrx_word' id='word_1_110' title='bbox 505 1657 587 1695; x_wconf 88' lang='lat' dir='ltr'>sine</span> <span class='ocrx_word' id='word_1_111' title='bbox 617 1670 711 1706; x_wconf 80' lang='lat' dir='ltr'>apro</span> <span class='ocrx_word' id='word_1_112' title='bbox 742 1663 882 1703; x_wconf 87' lang='lat' dir='ltr'>noster,</span> <span class='ocrx_word' id='word_1_113' title='bbox 915 1655 1015 1701; x_wconf 88' lang='lat' dir='ltr'>Tite,</span> <span class='ocrx_word' id='word_1_114' title='bbox 1048 1653 1305 1693; x_wconf 71' lang='lat' dir='ltr'>Caecilianus.</span> 
     </span>
     <span class='ocr_line' id='line_1_22' title="bbox 293 1719 1113 1762; baseline -0.007 0"><span class='ocrx_word' id='word_1_115' title='bbox 293 1725 438 1762; x_wconf 86' lang='lat' dir='ltr'>bellum</span> <span class='ocrx_word' id='word_1_116' title='bbox 469 1721 674 1761; x_wconf 77' lang='lat' dir='ltr'>convivam</span> <span class='ocrx_word' id='word_1_117' title='bbox 706 1721 953 1761; x_wconf 86' lang='lat' dir='ltr'>Caecilianus</span> <span class='ocrx_word' id='word_1_118' title='bbox 983 1719 1113 1757; x_wconf 83' lang='lat' dir='ltr'>habet.</span> 
     </span>
    </p>
   </div>
   <div class='ocr_carea' id='block_1_7' title="bbox 248 1804 1568 2404">
    <p class='ocr_par' dir='ltr' id='par_1_11' title="bbox 248 1804 1568 2404">
     <span class='ocr_line' id='line_1_23' title="bbox 812 1804 882 1839; baseline 0 0"><span class='ocrx_word' id='word_1_119' title='bbox 812 1804 882 1839; x_wconf 82' lang='lat' dir='ltr'>LX</span> 
     </span>
     <span class='ocr_line' id='line_1_24' title="bbox 348 1872 1094 1924; baseline -0.007 -12"><span class='ocrx_word' id='word_1_120' title='bbox 348 1874 538 1924; x_wconf 87' lang='lat' dir='ltr'>Tarpeiae</span> <span class='ocrx_word' id='word_1_121' title='bbox 568 1873 790 1911; x_wconf 81' lang='lat' dir='ltr'>venerande</span> <span class='ocrx_word' id='word_1_122' title='bbox 819 1879 944 1910; x_wconf 86' lang='lat' dir='ltr'>rector</span> <span class='ocrx_word' id='word_1_123' title='bbox 972 1872 1094 1915; x_wconf 85' lang='lat' dir='ltr'>aulae,</span> 
     </span>
     <span class='ocr_line' id='line_1_25' title="bbox 349 1936 1223 1989; baseline -0.006 -11"><span class='ocrx_word' id='word_1_124' title='bbox 349 1953 466 1989; x_wconf 87' lang='lat' dir='ltr'>quern</span> <span class='ocrx_word' id='word_1_125' title='bbox 497 1940 603 1976; x_wconf 82' lang='lat' dir='ltr'>salvo</span> <span class='ocrx_word' id='word_1_126' title='bbox 633 1939 734 1975; x_wconf 87' lang='lat' dir='ltr'>duce</span> <span class='ocrx_word' id='word_1_127' title='bbox 764 1936 958 1975; x_wconf 88' lang='lat' dir='ltr'>credimus</span> <span class='ocrx_word' id='word_1_128' title='bbox 988 1937 1223 1973; x_wconf 86' lang='lat' dir='ltr'>Tonantem.</span> 
     </span>
     <span class='ocr_line' id='line_1_26' title="bbox 349 2000 1095 2051; baseline -0.007 -9"><span class='ocrx_word' id='word_1_129' title='bbox 349 2017 439 2042; x_wconf 91' lang='lat' dir='ltr'>cum</span> <span class='ocrx_word' id='word_1_130' title='bbox 469 2002 568 2040; x_wconf 78' lang='lat' dir='ltr'>votis</span> <span class='ocrx_word' id='word_1_131' title='bbox 598 2002 671 2040; x_wconf 86' lang='lat' dir='ltr'>sibi</span> <span class='ocrx_word' id='word_1_132' title='bbox 701 2002 867 2051; x_wconf 85' lang='lat' dir='ltr'>quisque</span> <span class='ocrx_word' id='word_1_133' title='bbox 896 2008 933 2038; x_wconf 93' lang='lat' dir='ltr'>te</span> <span class='ocrx_word' id='word_1_134' title='bbox 963 2000 1095 2049; x_wconf 78' lang='lat' dir='ltr'>fatiget</span> 
     </span>
     <span class='ocr_line' id='line_1_27' title="bbox 351 2064 1114 2118; baseline -0.007 -12"><span class='ocrx_word' id='word_1_135' title='bbox 351 2076 388 2106; x_wconf 88' lang='lat' dir='ltr'>et</span> <span class='ocrx_word' id='word_1_136' title='bbox 417 2075 552 2118; x_wconf 85' lang='lat' dir='ltr'>poscat</span> <span class='ocrx_word' id='word_1_137' title='bbox 582 2068 673 2105; x_wconf 89' lang='lat' dir='ltr'>dare</span> <span class='ocrx_word' id='word_1_138' title='bbox 704 2080 803 2116; x_wconf 82' lang='lat' dir='ltr'>quae</span> <span class='ocrx_word' id='word_1_139' title='bbox 832 2065 895 2104; x_wconf 91' lang='lat' dir='ltr'>dei</span> <span class='ocrx_word' id='word_1_140' title='bbox 926 2064 1114 2115; x_wconf 83' lang='lat' dir='ltr'>potestis:</span> 
     </span>
     <span class='ocr_line' id='line_1_28' title="bbox 354 2128 1567 2182; baseline -0.007 -12"><span class='ocrx_word' id='word_1_141' title='bbox 354 2133 405 2170; x_wconf 89' lang='lat' dir='ltr'>nil</span> <span class='ocrx_word' id='word_1_142' title='bbox 435 2145 504 2182; x_wconf 84' lang='lat' dir='ltr'>pro</span> <span class='ocrx_word' id='word_1_143' title='bbox 534 2145 597 2169; x_wconf 90' lang='lat' dir='ltr'>me</span> <span class='ocrx_word' id='word_1_144' title='bbox 628 2131 733 2177; x_wconf 84' lang='lat' dir='ltr'>mihi,</span> <span class='ocrx_word' id='word_1_145' title='bbox 767 2130 952 2180; x_wconf 79' lang='lat' dir='ltr'>Iuppiter,</span> <span class='ocrx_word' id='word_1_146' title='bbox 983 2128 1131 2178; x_wconf 87' lang='lat' dir='ltr'>petenti</span> <span class='ocrx_word' id='word_1_147' title='bbox 1551 2143 1567 2172; x_wconf 59' lang='grc' dir='ltr'>,ι</span> 
     </span>
     <span class='ocr_line' id='line_1_29' title="bbox 292 2227 1568 2274; baseline -0.006 -8"><span class='ocrx_word' id='word_1_148' title='bbox 292 2235 365 2266; x_wconf 89' lang='lat' dir='ltr'>LVI</span> <span class='ocrx_word' id='word_1_149' title='bbox 395 2245 406 2264; x_wconf 94' lang='lat'>1</span> <span class='ocrx_word' id='word_1_150' title='bbox 434 2235 488 2274; x_wconf 89' lang='lat' dir='ltr'>pie</span> <span class='ocrx_word' id='word_1_151' title='bbox 515 2233 633 2272; x_wconf 88' lang='lat' dir='ltr'>cepisti</span> <span class='ocrx_word' id='word_1_152' title='bbox 660 2236 697 2262; x_wconf 77' lang='lat' dir='ltr'>nt</span> <span class='ocrx_word' id='word_1_153' title='bbox 718 2233 781 2263; x_wconf 69' lang='lat' dir='ltr'>vid.</span> <span class='ocrx_word' id='word_1_154' title='bbox 804 2232 857 2261; x_wconf 66' lang='grc' dir='ltr'>ΒΑ</span> <span class='ocrx_word' id='word_1_155' title='bbox 877 2232 949 2262; x_wconf 52' lang='lat' dir='ltr'>(sed</span> <span class='ocrx_word' id='word_1_156' title='bbox 967 2232 1021 2270; x_wconf 88' lang='lat' dir='ltr'>pia</span> <span class='ocrx_word' id='word_1_157' title='bbox 1038 2230 1159 2269; x_wconf 61' lang='lat' dir='ltr'><em>PQfl:</em></span> <span class='ocrx_word' id='word_1_158' title='bbox 1184 2228 1365 2268; x_wconf 86' lang='lat' dir='ltr'>precepisti</span> <span class='ocrx_word' id='word_1_159' title='bbox 1385 2231 1421 2257; x_wconf 73' lang='lat' dir='ltr'>u!</span> <span class='ocrx_word' id='word_1_160' title='bbox 1435 2227 1497 2260; x_wconf 77' lang='lat' dir='ltr'>md.</span> <span class='ocrx_word' id='word_1_161' title='bbox 1520 2227 1568 2258; x_wconf 66' lang='lat' dir='ltr'>CA</span> 
     </span>
     <span class='ocr_line' id='line_1_30' title="bbox 248 2271 1568 2320; baseline -0.008 -11"><span class='ocrx_word' id='word_1_162' title='bbox 248 2289 355 2320; x_wconf 26' lang='lat' dir='ltr'>(Npree-</span> <span class='ocrx_word' id='word_1_163' title='bbox 373 2278 411 2317; x_wconf 85' lang='lat' dir='ltr'>E,</span> <span class='ocrx_word' id='word_1_164' title='bbox 432 2288 546 2317; x_wconf 82' lang='lat' dir='ltr'>praec·</span> <span class='ocrx_word' id='word_1_165' title='bbox 572 2276 640 2313; x_wconf 75' lang='lat' dir='ltr'>FG,</span> <span class='ocrx_word' id='word_1_166' title='bbox 660 2286 752 2315; x_wconf 83' lang='lat' dir='ltr'>perc·</span> <span class='ocrx_word' id='word_1_167' title='bbox 776 2274 891 2313; x_wconf 31' lang='lat' dir='ltr'>XABst</span> <span class='ocrx_word' id='word_1_168' title='bbox 1004 2284 1022 2303; x_wconf 89' lang='lat'><strong>2</strong></span> <span class='ocrx_word' id='word_1_169' title='bbox 1048 2274 1221 2312; x_wconf 82' lang='lat' dir='ltr'>pharrasia</span> <span class='ocrx_word' id='word_1_170' title='bbox 1241 2272 1360 2312; x_wconf 59' lang='lat' dir='ltr'>(parn)</span> <span class='ocrx_word' id='word_1_171' title='bbox 1381 2271 1431 2301; x_wconf 70' lang='lat' dir='ltr'>CA</span> <span class='ocrx_word' id='word_1_172' title='bbox 1549 2282 1568 2309; x_wconf 81' lang='lat'><strong>3</strong></span> 
     </span>
     <span class='ocr_line' id='line_1_31' title="bbox 248 2314 1568 2362; baseline -0.007 -10"><span class='ocrx_word' id='word_1_173' title='bbox 248 2322 379 2362; x_wconf 86' lang='lat' dir='ltr'>parauit</span> <span class='ocrx_word' id='word_1_174' title='bbox 403 2321 490 2351; x_wconf 84' lang='lat' dir='ltr'>codd.</span> <span class='ocrx_word' id='word_1_175' title='bbox 511 2321 578 2361; x_wconf 62' lang='lat' dir='ltr'>(rte.</span> <span class='ocrx_word' id='word_1_176' title='bbox 596 2319 656 2349; x_wconf 88' lang='lat' dir='ltr'>-bit</span> <span class='ocrx_word' id='word_1_177' title='bbox 672 2321 694 2353; x_wconf 65' lang='lat'>3&gt;</span> <span class='ocrx_word' id='word_1_178' title='bbox 804 2329 822 2356; x_wconf 85' lang='lat'><strong>4</strong></span> <span class='ocrx_word' id='word_1_179' title='bbox 849 2322 942 2357; x_wconf 84' lang='lat' dir='ltr'>petet</span> <span class='ocrx_word' id='word_1_180' title='bbox 958 2317 1030 2347; x_wconf 65' lang='lat' dir='ltr'>BA:</span> <span class='ocrx_word' id='word_1_181' title='bbox 1057 2320 1147 2355; x_wconf 83' lang='lat' dir='ltr'>petat</span> <span class='ocrx_word' id='word_1_182' title='bbox 1165 2315 1212 2345; x_wconf 70' lang='lat' dir='ltr'>CA</span> <span class='ocrx_word' id='word_1_183' title='bbox 1379 2314 1469 2344; x_wconf 91' lang='lat' dir='ltr'><strong>LVII</strong></span> <span class='ocrx_word' id='word_1_184' title='bbox 1494 2325 1568 2344; x_wconf 82' lang='lat' dir='ltr'>cum</span> 
     </span>
     <span class='ocr_line' id='line_1_32' title="bbox 250 2357 1566 2404; baseline -0.007 -9"><span class='ocrx_word' id='word_1_185' title='bbox 250 2366 323 2396; x_wconf 87' lang='lat' dir='ltr'>LVI</span> <span class='ocrx_word' id='word_1_186' title='bbox 342 2364 430 2404; x_wconf 82' lang='lat' dir='ltr'>confl.</span> <span class='ocrx_word' id='word_1_187' title='bbox 449 2363 505 2394; x_wconf 78' lang='grc' dir='ltr'>ΒΑ</span> <span class='ocrx_word' id='word_1_188' title='bbox 618 2373 630 2392; x_wconf 91' lang='lat'>1</span> <span class='ocrx_word' id='word_1_189' title='bbox 657 2362 793 2392; x_wconf 79' lang='lat' dir='ltr'>achillas</span> <span class='ocrx_word' id='word_1_190' title='bbox 811 2361 859 2391; x_wconf 54' lang='lat' dir='ltr'>CA</span> <span class='ocrx_word' id='word_1_191' title='bbox 1044 2359 1155 2389; x_wconf 92' lang='lat' dir='ltr'><strong>LVIII</strong></span> <span class='ocrx_word' id='word_1_192' title='bbox 1185 2369 1197 2388; x_wconf 90' lang='lat'>1</span> <span class='ocrx_word' id='word_1_193' title='bbox 1225 2358 1366 2388; x_wconf 84' lang='lat' dir='ltr'>nubsisti</span> <span class='ocrx_word' id='word_1_194' title='bbox 1383 2357 1416 2387; x_wconf 91' lang='lat' dir='ltr'><em>A</em></span> <span class='ocrx_word' id='word_1_195' title='bbox 1437 2357 1566 2397; x_wconf 77' lang='lat' dir='ltr'>(etforl.</span> 
     </span>
    </p>
   </div>
   <div class='ocr_carea' id='block_1_8' title="bbox 252 2400 1575 2490">
    <p class='ocr_par' dir='ltr' id='par_1_12' title="bbox 252 2400 1575 2490">
     <span class='ocr_line' id='line_1_33' title="bbox 252 2400 1575 2445; baseline -0.007 -6"><span class='ocrx_word' id='word_1_196' title='bbox 252 2409 314 2439; x_wconf 54' lang='lat' dir='ltr'>(Al</span> <span class='ocrx_word' id='word_1_197' title='bbox 425 2418 444 2437; x_wconf 88' lang='lat'><em>2</em></span> <span class='ocrx_word' id='word_1_198' title='bbox 470 2407 558 2437; x_wconf 87' lang='lat' dir='ltr'>iubat</span> <span class='ocrx_word' id='word_1_199' title='bbox 576 2406 622 2436; x_wconf 61' lang='lat' dir='ltr'>CA</span> <span class='ocrx_word' id='word_1_200' title='bbox 642 2406 706 2445; x_wconf 58' lang='lat' dir='ltr'>(zze.</span> <span class='ocrx_word' id='word_1_201' title='bbox 727 2407 811 2434; x_wconf 46' lang='lat' dir='ltr'>-uati</span> <span class='ocrx_word' id='word_1_202' title='bbox 999 2403 1078 2433; x_wconf 91' lang='lat' dir='ltr'><strong>LIX</strong></span> <span class='ocrx_word' id='word_1_203' title='bbox 1102 2402 1174 2432; x_wconf 82' lang='lat' dir='ltr'>hab.</span> <span class='ocrx_word' id='word_1_204' title='bbox 1200 2401 1228 2431; x_wconf 92' lang='lat' dir='ltr'>T</span> <span class='ocrx_word' id='word_1_205' title='bbox 1333 2412 1352 2431; x_wconf 87' lang='lat'>2</span> <span class='ocrx_word' id='word_1_206' title='bbox 1368 2401 1523 2431; x_wconf 82' lang='lat' dir='ltr'>bellicum</span> <span class='ocrx_word' id='word_1_207' title='bbox 1547 2400 1575 2430; x_wconf 89' lang='lat' dir='ltr'>T</span> 
     </span>
     <span class='ocr_line' id='line_1_34' title="bbox 252 2444 1395 2490; baseline -0.008 -8"><span class='ocrx_word' id='word_1_208' title='bbox 252 2452 312 2482; x_wconf 82' lang='lat' dir='ltr'>LX</span> <span class='ocrx_word' id='word_1_209' title='bbox 337 2461 355 2490; x_wconf 86' lang='lat'>3</span> <span class='ocrx_word' id='word_1_210' title='bbox 380 2461 416 2482; x_wconf 88' lang='lat' dir='ltr'>se</span> <span class='ocrx_word' id='word_1_211' title='bbox 435 2450 481 2481; x_wconf 64' lang='grc' dir='ltr'>(ΤΑ</span> <span class='ocrx_word' id='word_1_212' title='bbox 570 2461 588 2488; x_wconf 88' lang='lat'><strong>4</strong></span> <span class='ocrx_word' id='word_1_213' title='bbox 615 2454 724 2489; x_wconf 83' lang='lat' dir='ltr'>potest</span> <span class='ocrx_word' id='word_1_214' title='bbox 742 2449 793 2478; x_wconf 84' lang='lat' dir='ltr'>his</span> <span class='ocrx_word' id='word_1_215' title='bbox 811 2448 860 2479; x_wconf 73' lang='lat' dir='ltr'>CA</span> <span class='ocrx_word' id='word_1_216' title='bbox 877 2448 959 2489; x_wconf 63' lang='lat' dir='ltr'>{non</span> <span class='ocrx_word' id='word_1_217' title='bbox 976 2447 1024 2487; x_wconf 65' lang='lat' dir='ltr'>A)</span> <span class='ocrx_word' id='word_1_218' title='bbox 1115 2456 1133 2485; x_wconf 85' lang='lat'><strong>5</strong></span> <span class='ocrx_word' id='word_1_219' title='bbox 1159 2445 1238 2475; x_wconf 85' lang='lat' dir='ltr'>mihi</span> <span class='ocrx_word' id='word_1_220' title='bbox 1255 2455 1320 2475; x_wconf 84' lang='lat' dir='ltr'>om.</span> <span class='ocrx_word' id='word_1_221' title='bbox 1342 2444 1395 2474; x_wconf 52' lang='lat' dir='ltr'>BA</span> 
     </span>
    </p>
   </div>
  </div>
 </body>
</html>
