1684 2763
362 531 602 579 INDEX
679 533 1283 584 EPIGRAMMATON

346 630 512 662 Vcrsuum
531 633 627 663 initia
647 633 922 673 orthographiam
941 635 1096 665 usitatam
1116 636 1306 677 exhibent.)

218 753 248 782 A
268 752 348 783 Iove
365 755 420 791 qui
439 755 560 793 veniet,
581 756 805 786 miscendam]
826 756 943 793 pocula
962 756 1071 795 largas
1117 756 1207 795 XIV,
1231 767 1241 787 1
1254 768 1300 789 12.

217 797 247 826 A
265 797 451 828 latronibus
468 809 543 829 csse
560 803 592 829 te
609 799 749 829 fututam
797 799 874 833 XII,
894 803 944 830 26.

219 841 248 870 A
266 851 363 871 servo
381 842 447 871 scis
465 847 497 871 te
515 843 663 881 genitum
682 843 872 881 blandeque
887 843 1002 873 fateris
1050 844 1074 879 Ι,
1093 844 1145 874 8Ι.

219 885 248 914 A
267 884 483 915 Sinuessanis
501 887 641 916 conviva
661 887 883 917 Philostratus
902 887 999 917 undis
1046 887 1107 919 XI.
1128 889 1180 917 82.

219 928 358 958 Abscisa
376 940 509 959 servom
529 931 607 968 quid
626 931 711 967 figis,
731 930 881 968 Pontice,
900 931 1033 966 lingua?
1084 930 1127 965 ΙΙ,
1147 932 1198 962 82.

218 972 411 1002 Abstulerat
430 978 532 1003 totam
550 975 748 1004 temerarius
765 975 899 1004 institor
916 975 1032 1004 urbem
1078 974 1155 1009 VII,
1174 977 1225 1005 61.

219 1015 350 1046 Accidit
368 1015 540 1047 infandum
558 1022 695 1048 nostrae
712 1017 832 1057 scelus,
850 1017 946 1050 Aule,
968 1017 1100 1056 puellae
1147 1018 1223 1056 VII,
1241 1028 1289 1056 14.

218 1059 346 1098 Accipe
364 1060 545 1099 belligerae
562 1061 700 1091 crudum
719 1062 858 1091 thoraca
876 1061 1050 1091 Minervae
1096 1061 1171 1101 Vll,
1195 1071 1220 1092 1.

218 1103 347 1142 Accipe
363 1103 495 1134 facundi
513 1104 673 1141 Culicem,
690 1105 853 1145 studiose,
875 1104 1024 1135 Maronis
1071 1104 1162 1143 XIV⁷
1187 1106 1256 1144 185.

219 1146 346 1185 Accipe
363 1146 488 1186 felices,
509 1147 679 1178 Atlantica
696 1158 847 1185 munera,
868 1148 970 1178 silvas
1016 1147 1109 1181 XIV,
1126 1149 1178 1187 89.

219 1189 347 1229 Accipe
365 1190 479 1221 lunata
495 1191 656 1230 scriptum
673 1191 845 1222 testudine
862 1191 967 1230 sigma
1014 1191 1106 1225 XIV,
1127 1192 1178 1230 87.

219 1234 345 1273 Accipe
364 1233 538 1271 Niliacam,
558 1234 691 1265 Pelusia
708 1245 860 1274 munera,
881 1235 1007 1265 lentem
1054 1234 1150 1273 XIII,
1171 1246 1202 1275 9,

218 1277 345 1317 Accipe
363 1288 429 1308 non
447 1278 503 1308 vili
521 1279 644 1309 calices
660 1279 701 1309 de
720 1279 857 1317 pulvere
874 1283 972 1309 natos
1018 1278 1109 1311 X1V,
1133 1289 1203 1310 102.

218 1321 347 1360 Accipe
365 1332 451 1361 quae
469 1323 591 1352 nimios
609 1323 743 1352 vincant
763 1322 953 1352 umbracula
969 1322 1059 1352 soles
1106 1322 1197 1361 XIV,
1218 1323 1270 1354 28.

219 1365 345 1396 Accola
362 1365 425 1396 iam
447 1371 585 1396 nostrae
604 1366 719 1405 Degis,
738 1366 950 1405 Germanice,
971 1366 1064 1404 ripae
1110 1366 1150 1398 V.
1171 1377 1201 1404 3.

221 1409 275 1440 Ad
294 1419 411 1439 cenam
430 1410 570 1440 invitant
587 1420 706 1440 omnes
722 1414 766 1449 te,
788 1409 936 1449 Phoebe,
956 1409 1087 1439 cinaedi
1134 1409 1194 1449 IX,
1214 1411 1267 1448 63.

219 1453 273 1482 Ad
291 1463 408 1483 cenam
426 1454 452 1484 si
471 1464 525 1484 me
542 1453 676 1483 diversa
691 1458 828 1483 vocaret
847 1454 879 1482 in
897 1457 986 1483 astra
1033 1452 1091 1489 IX,
1111 1463 1163 1492 91.

220 1496 273 1526 Ad
291 1497 438 1535 lapidem
455 1497 647 1536 Torquatus
665 1497 765 1527 habet
782 1497 949 1536 praetoria
967 1502 1122 1535 quartum
1171 1497 1212 1536 X,
1236 1507 1283 1535 79.

221 1540 273 1570 Ad
292 1540 464 1570 natalicias
481 1542 586 1579 dapes
602 1541 745 1571 vocabar
790 1539 865 1573 VII,
883 1541 934 1570 86.

221 1584 274 1613 Ad
293 1584 462 1615 Palatinas
480 1585 672 1623 acipensem
691 1584 813 1614 mittite
831 1594 964 1613 mensas
1012 1583 1108 1615 XIII,
1125 1594 1178 1621 9¹·

221 1627 273 1657 Ad
293 1628 438 1666 populos
456 1628 540 1658 mitti
558 1628 613 1666 qui
633 1638 740 1666 nuper
756 1628 796 1658 ab
814 1627 895 1657 urbe
913 1627 1046 1657 solebas
1092 1627 1172 1665 XII,
1190 1637 1219 1657 2.

221 1671 274 1700 Ad
292 1671 436 1709 primum
455 1672 595 1702 decuma
613 1671 757 1710 lapidem
775 1672 865 1710 quod
883 1671 1037 1700 venimus
1055 1671 1135 1701 hora
1182 1670 1242 1711 XI,
1264 1681 1312 1709 79.

222 1715 274 1745 Ad
294 1719 326 1745 te
345 1715 501 1754 reptanti,
524 1725 608 1754 puer
624 1715 797 1747 insidiose,
814 1715 960 1745 lacertae
1008 1714 1099 1752 XIV,
1121 1724 1188 1753 172.

222 1758 334 1789 Addat
352 1769 424 1789 cum
444 1759 523 1788 mihi
541 1758 732 1789 Caecubum
751 1758 903 1788 minister
949 1758 980 1787 X
1007 1759 1059 1797 98.

222 1803 361 1832 Addere
377 1802 455 1841 quid
474 1812 596 1835 cessas,
616 1813 711 1841 puer,
733 1802 909 1832 inmortale
930 1801 1131 1832 Falernum?
1180 1801 1240 1842 IX,
1260 1811 1312 1841 93.

222 1846 373 1885 Addixti,
395 1846 556 1883 Labiene,
575 1850 643 1876 tres
660 1846 790 1885 agellos
837 1845 915 1881 XII,
938 1846 984 1874 16.

223 1890 364 1920 Addixti
383 1900 517 1920 servum
535 1889 679 1919 nummis
695 1890 776 1919 here
795 1889 883 1918 mille
902 1888 1056 1919 ducentis
1104 1888 1145 1921 X.
1165 1898 1217 1927 31.

223 1933 340 1964 Aedes
357 1933 438 1964 emit
455 1934 550 1973 Aper
566 1934 625 1963 sed
643 1944 727 1972 quas
743 1943 806 1963 nec
824 1937 946 1962 noctua
962 1932 1065 1962 vellet
1112 1931 1173 1967 XI,
1189 1942 1239 1971 34.

223 1978 394 2016 Aegrotas
412 1988 479 2007 uno
497 1976 609 2007 decies
626 1982 682 2007 aut
700 1977 836 2015 saepius
852 1986 942 2006 anno
990 1975 1068 2013 XII,
1089 1977 1141 2014 56.

222 2021 388 2051 Aemiliae
404 2026 525 2059 gentes
542 2025 574 2050 et
591 2020 789 2059 Apollineas
806 2019 979 2050 Vercellas
1024 2019 1068 2057 X,
1089 2029 1138 2050 12.

224 2065 367 2095 Aemula
386 2065 522 2094 Baianis
541 2064 649 2094 Altini
667 2064 765 2094 litora
781 2063 871 2094 villis
916 2062 973 2102 IV,
993 2073 1045 2102 25.

224 2108 388 2139 Aeolidos
405 2109 538 2138 Canace
556 2108 642 2138 iacet
660 2108 722 2138 hoc
740 2107 901 2138 tumulata
917 2107 1100 2145 sepulchro
1147 2105 1208 2143 XI,
1227 2116 1279 2145 91.

224 2153 315 2182 Aera
330 2151 537 2183 Celaenaeos
554 2151 703 2190 lugentia
722 2151 837 2181 matris
855 2160 986 2180 amores
1026 2149 1119 2187 XIV,
1136 2160 1208 2188 204.

225 2196 317 2226 Aera
334 2195 423 2225 domi
442 2205 508 2225 non
526 2200 615 2234 sunt,
634 2199 789 2234 superest
805 2195 879 2234 hoc,
900 2194 1041 2232 Regule,
1061 2193 1167 2223 solum
1214 2192 1288 2231 VII⁷
1313 2194 1360 2223 16.

227 2240 318 2269 Aera
335 2248 396 2278 per
411 2239 546 2269 tacitum
565 2239 702 2277 delapsa
717 2238 871 2268 sedentis
888 2237 920 2267 in
939 2237 1030 2276 ipsos
1075 2236 1168 2275 VIII,
1189 2246 1240 2274 32.

226 2283 368 2313 Aestivo
386 2292 501 2312 serves
518 2283 572 2312 ubi
591 2282 716 2321 piscem
734 2287 898 2321 tempore,
919 2281 1054 2320 quaeris
1069 2282 1078 2311 2
1126 2279 1169 2311 ΙΙ.
1189 2281 1238 2317 78.

227 2326 410 2357 Aetherias
427 2326 537 2365 aquila
553 2336 694 2365 puerum
713 2330 870 2365 portante
888 2334 949 2363 per
965 2334 1063 2354 auras
1112 2323 1137 2360 I⁷
1154 2325 1185 2353 6.

227 2370 358 2408 Alcide,
381 2370 474 2399 Latio
493 2379 581 2399 nunc
598 2369 814 2408 agnoscende
831 2368 978 2398 Tonanti
1025 2367 1085 2407 IX,
1105 2369 1156 2405 65.

228 2413 372 2444 Alciden
390 2414 489 2443 modo
507 2412 659 2442 Vindicis
676 2412 834 2450 rogabam
884 2411 943 2449 IX7
961 2421 1011 2448 44.

228 2457 367 2496 Alcime,
387 2466 485 2496 quem
504 2461 636 2494 raptum
654 2455 790 2485 domino
809 2454 1038 2485 crescentibus
1055 2453 1152 2483 annis
1200 2451 1224 2490 Ι,
1243 2452 1296 2482 88.
