<?xml version="1.0" encoding="UTF-8"?>
<!DOCTYPE html PUBLIC "-//W3C//DTD XHTML 1.0 Transitional//EN"
    "http://www.w3.org/TR/xhtml1/DTD/xhtml1-transitional.dtd">
<html xmlns="http://www.w3.org/1999/xhtml" xml:lang="en" lang="en">
 <head>
  <title>
</title>
<meta http-equiv="Content-Type" content="text/html;charset=utf-8" />
  <meta name='ocr-system' content='tesseract 3.04.00' />
  <meta name='ocr-capabilities' content='ocr_page ocr_carea ocr_par ocr_line ocrx_word'/>
</head>
<body>
  <div class='ocr_page' id='page_1' title='image "./epigrammatarecog00martuoft/epigrammatarecog00martuoft_0334.png"; bbox 0 0 1684 2763; ppageno 0'>
   <div class='ocr_carea' id='block_1_1' title="bbox 214 138 770 180">
    <p class='ocr_par' dir='ltr' id='par_1_1' title="bbox 214 138 770 180">
     <span class='ocr_line' id='line_1_1' title="bbox 214 138 770 180; baseline 0.009 -6"><span class='ocrx_word' id='word_1_1' title='bbox 214 138 269 175; x_wconf 90' lang='lat' dir='ltr'>M.</span> <span class='ocrx_word' id='word_1_2' title='bbox 302 138 424 176; x_wconf 93' lang='lat' dir='ltr'>VAL.</span> <span class='ocrx_word' id='word_1_3' title='bbox 456 139 770 180; x_wconf 88' lang='lat' dir='ltr'>MARTIALIS</span> 
     </span>
    </p>
   </div>
   <div class='ocr_carea' id='block_1_2' title="bbox 693 255 846 293">
    <p class='ocr_par' dir='ltr' id='par_1_2' title="bbox 693 255 846 293">
     <span class='ocr_line' id='line_1_2' title="bbox 693 255 846 293; baseline 0 -1"><span class='ocrx_word' id='word_1_4' title='bbox 693 255 846 293; x_wconf 93' lang='lat' dir='ltr'>LXXV</span> 
     </span>
    </p>
   </div>
   <div class='ocr_carea' id='block_1_3' title="bbox 210 331 1542 1228">
    <p class='ocr_par' dir='ltr' id='par_1_3' title="bbox 210 331 1542 1228">
     <span class='ocr_line' id='line_1_3' title="bbox 213 331 1168 388; baseline 0.007 -18"><span class='ocrx_word' id='word_1_5' title='bbox 213 331 325 371; x_wconf 78' lang='lat' dir='ltr'>Milia</span> <span class='ocrx_word' id='word_1_6' title='bbox 352 332 490 384; x_wconf 84' lang='lat' dir='ltr'>viginti</span> <span class='ocrx_word' id='word_1_7' title='bbox 518 336 721 385; x_wconf 76' lang='lat' dir='ltr'>quondam</span> <span class='ocrx_word' id='word_1_8' title='bbox 751 350 815 375; x_wconf 89' lang='lat' dir='ltr'>me</span> <span class='ocrx_word' id='word_1_9' title='bbox 844 338 957 375; x_wconf 81' lang='lat' dir='ltr'>Galla</span> <span class='ocrx_word' id='word_1_10' title='bbox 985 338 1168 388; x_wconf 83' lang='lat' dir='ltr'>poposcit</span> 
     </span>
     <span class='ocr_line' id='line_1_4' title="bbox 265 400 1123 450; baseline 0.003 -13"><span class='ocrx_word' id='word_1_11' title='bbox 265 406 313 446; x_wconf 88' lang='lat' dir='ltr'>et,</span> <span class='ocrx_word' id='word_1_12' title='bbox 345 400 478 447; x_wconf 78' lang='lat' dir='ltr'>fateor,</span> <span class='ocrx_word' id='word_1_13' title='bbox 511 413 654 450; x_wconf 83' lang='lat' dir='ltr'>magno</span> <span class='ocrx_word' id='word_1_14' title='bbox 683 414 765 440; x_wconf 91' lang='lat' dir='ltr'>non</span> <span class='ocrx_word' id='word_1_15' title='bbox 794 409 874 440; x_wconf 83' lang='lat' dir='ltr'>erat</span> <span class='ocrx_word' id='word_1_16' title='bbox 903 401 968 440; x_wconf 84' lang='lat' dir='ltr'>illa</span> <span class='ocrx_word' id='word_1_17' title='bbox 996 402 1123 441; x_wconf 88' lang='lat' dir='ltr'>nimis.</span> 
     </span>
     <span class='ocr_line' id='line_1_5' title="bbox 210 465 1266 516; baseline 0.005 -15"><span class='ocrx_word' id='word_1_18' title='bbox 210 465 351 502; x_wconf 88' lang='lat' dir='ltr'>Annus</span> <span class='ocrx_word' id='word_1_19' title='bbox 380 465 484 503; x_wconf 80' lang='lat' dir='ltr'>abit:</span> <span class='ocrx_word' id='word_1_20' title='bbox 527 469 535 485; x_wconf 93' lang='lat'>‘</span> <span class='ocrx_word' id='word_1_21' title='bbox 552 465 618 503; x_wconf 88' lang='lat' dir='ltr'>Bis</span> <span class='ocrx_word' id='word_1_22' title='bbox 648 466 768 516; x_wconf 85' lang='lat' dir='ltr'>quina</span> <span class='ocrx_word' id='word_1_23' title='bbox 797 466 909 505; x_wconf 85' lang='lat' dir='ltr'>dabis</span> <span class='ocrx_word' id='word_1_24' title='bbox 936 467 1134 515; x_wconf 75' lang='lat' dir='ltr'>sestertia,&#39;</span> <span class='ocrx_word' id='word_1_25' title='bbox 1161 467 1266 507; x_wconf 85' lang='lat' dir='ltr'>dixit.</span> 
     </span>
     <span class='ocr_line' id='line_1_6' title="bbox 263 530 1249 581; baseline 0.003 -14"><span class='ocrx_word' id='word_1_26' title='bbox 263 542 425 578; x_wconf 88' lang='lat' dir='ltr'>poscere</span> <span class='ocrx_word' id='word_1_27' title='bbox 454 531 541 580; x_wconf 91' lang='lat' dir='ltr'>plus</span> <span class='ocrx_word' id='word_1_28' title='bbox 570 530 652 568; x_wconf 84' lang='lat' dir='ltr'>visa</span> <span class='ocrx_word' id='word_1_29' title='bbox 680 538 739 568; x_wconf 88' lang='lat' dir='ltr'>est</span> <span class='ocrx_word' id='word_1_30' title='bbox 767 544 886 580; x_wconf 81' lang='lat' dir='ltr'>quam</span> <span class='ocrx_word' id='word_1_31' title='bbox 915 531 1020 581; x_wconf 86' lang='lat' dir='ltr'>prius</span> <span class='ocrx_word' id='word_1_32' title='bbox 1050 532 1115 570; x_wconf 85' lang='lat' dir='ltr'>illa</span> <span class='ocrx_word' id='word_1_33' title='bbox 1143 532 1249 571; x_wconf 88' lang='lat' dir='ltr'>mihi.</span> 
     </span>
     <span class='ocr_line' id='line_1_7' title="bbox 212 594 1542 646; baseline 0.005 -16"><span class='ocrx_word' id='word_1_34' title='bbox 212 594 297 631; x_wconf 81' lang='lat' dir='ltr'>Iam</span> <span class='ocrx_word' id='word_1_35' title='bbox 327 595 408 632; x_wconf 91' lang='lat' dir='ltr'>duo</span> <span class='ocrx_word' id='word_1_36' title='bbox 436 594 615 644; x_wconf 89' lang='lat' dir='ltr'>poscenti</span> <span class='ocrx_word' id='word_1_37' title='bbox 645 602 734 644; x_wconf 86' lang='lat' dir='ltr'>post</span> <span class='ocrx_word' id='word_1_38' title='bbox 763 604 915 633; x_wconf 84' lang='lat' dir='ltr'>sextum</span> <span class='ocrx_word' id='word_1_39' title='bbox 946 596 1051 634; x_wconf 81' lang='lat' dir='ltr'>milia</span> <span class='ocrx_word' id='word_1_40' title='bbox 1080 610 1257 635; x_wconf 88' lang='lat' dir='ltr'>mensem</span> <span class='ocrx_word' id='word_1_41' title='bbox 1524 614 1542 646; x_wconf 87' lang='lat'>5</span> 
     </span>
     <span class='ocr_line' id='line_1_8' title="bbox 264 658 1184 711; baseline 0.004 -15"><span class='ocrx_word' id='word_1_42' title='bbox 264 658 370 697; x_wconf 88' lang='lat' dir='ltr'>mille</span> <span class='ocrx_word' id='word_1_43' title='bbox 399 659 543 697; x_wconf 80' lang='lat' dir='ltr'>dabam</span> <span class='ocrx_word' id='word_1_44' title='bbox 575 673 770 698; x_wconf 77' lang='lat' dir='ltr'>nummos,</span> <span class='ocrx_word' id='word_1_45' title='bbox 830 660 968 698; x_wconf 88' lang='lat' dir='ltr'>Noluit</span> <span class='ocrx_word' id='word_1_46' title='bbox 996 661 1184 711; x_wconf 79' lang='lat' dir='ltr'>accipere.</span> 
     </span>
     <span class='ocr_line' id='line_1_9' title="bbox 210 723 1214 773; baseline 0.004 -13"><span class='ocrx_word' id='word_1_47' title='bbox 210 723 462 762; x_wconf 80' lang='lat' dir='ltr'>Transierant</span> <span class='ocrx_word' id='word_1_48' title='bbox 492 724 607 763; x_wconf 79' lang='lat' dir='ltr'>binae</span> <span class='ocrx_word' id='word_1_49' title='bbox 636 725 766 762; x_wconf 77' lang='lat' dir='ltr'>forsan</span> <span class='ocrx_word' id='word_1_50' title='bbox 795 725 967 763; x_wconf 79' lang='lat' dir='ltr'>trinaeve</span> <span class='ocrx_word' id='word_1_51' title='bbox 998 727 1214 773; x_wconf 81' lang='lat' dir='ltr'>Kalendae,</span> 
     </span>
     <span class='ocr_line' id='line_1_10' title="bbox 263 789 1036 840; baseline 0.004 -15"><span class='ocrx_word' id='word_1_52' title='bbox 263 790 442 827; x_wconf 84' lang='lat' dir='ltr'>aureolos</span> <span class='ocrx_word' id='word_1_53' title='bbox 472 790 573 827; x_wconf 89' lang='lat' dir='ltr'>ultro</span> <span class='ocrx_word' id='word_1_54' title='bbox 603 797 788 838; x_wconf 80' lang='lat' dir='ltr'>quattuor</span> <span class='ocrx_word' id='word_1_55' title='bbox 816 789 900 840; x_wconf 83' lang='lat' dir='ltr'>ipsa</span> <span class='ocrx_word' id='word_1_56' title='bbox 928 791 1036 840; x_wconf 82' lang='lat' dir='ltr'>petit.</span> 
     </span>
     <span class='ocr_line' id='line_1_11' title="bbox 211 853 1414 904; baseline 0.003 -14"><span class='ocrx_word' id='word_1_57' title='bbox 211 853 303 892; x_wconf 93' lang='lat' dir='ltr'>Non</span> <span class='ocrx_word' id='word_1_58' title='bbox 334 853 528 892; x_wconf 80' lang='lat' dir='ltr'>dedimus.</span> <span class='ocrx_word' id='word_1_59' title='bbox 588 854 760 893; x_wconf 88' lang='lat' dir='ltr'>Centum</span> <span class='ocrx_word' id='word_1_60' title='bbox 790 854 900 893; x_wconf 88' lang='lat' dir='ltr'>iussit</span> <span class='ocrx_word' id='word_1_61' title='bbox 930 868 993 893; x_wconf 86' lang='lat' dir='ltr'>me</span> <span class='ocrx_word' id='word_1_62' title='bbox 1023 855 1176 894; x_wconf 86' lang='lat' dir='ltr'>mittere</span> <span class='ocrx_word' id='word_1_63' title='bbox 1204 869 1414 904; x_wconf 79' lang='lat' dir='ltr'>nummos3</span> 
     </span>
     <span class='ocr_line' id='line_1_12' title="bbox 263 919 1540 971; baseline 0.002 -14"><span class='ocrx_word' id='word_1_64' title='bbox 263 920 333 957; x_wconf 90' lang='lat' dir='ltr'>sed</span> <span class='ocrx_word' id='word_1_65' title='bbox 362 919 445 957; x_wconf 85' lang='lat' dir='ltr'>visa</span> <span class='ocrx_word' id='word_1_66' title='bbox 473 927 532 958; x_wconf 91' lang='lat' dir='ltr'>est</span> <span class='ocrx_word' id='word_1_67' title='bbox 560 919 676 958; x_wconf 87' lang='lat' dir='ltr'>nobis</span> <span class='ocrx_word' id='word_1_68' title='bbox 704 921 804 958; x_wconf 77' lang='lat' dir='ltr'>haec</span> <span class='ocrx_word' id='word_1_69' title='bbox 833 933 993 970; x_wconf 85' lang='lat' dir='ltr'>quoque</span> <span class='ocrx_word' id='word_1_70' title='bbox 1022 933 1177 958; x_wconf 81' lang='lat' dir='ltr'>summa</span> <span class='ocrx_word' id='word_1_71' title='bbox 1205 920 1339 971; x_wconf 79' lang='lat' dir='ltr'>gravis.</span> <span class='ocrx_word' id='word_1_72' title='bbox 1503 937 1540 961; x_wconf 94' lang='lat'>10</span> 
     </span>
     <span class='ocr_line' id='line_1_13' title="bbox 210 984 1310 1034; baseline 0.002 -13"><span class='ocrx_word' id='word_1_73' title='bbox 210 985 392 1033; x_wconf 82' lang='lat' dir='ltr'>Sportula</span> <span class='ocrx_word' id='word_1_74' title='bbox 421 997 493 1022; x_wconf 88' lang='lat' dir='ltr'>nos</span> <span class='ocrx_word' id='word_1_75' title='bbox 522 984 646 1022; x_wconf 77' lang='lat' dir='ltr'>iunxit</span> <span class='ocrx_word' id='word_1_76' title='bbox 676 985 960 1034; x_wconf 78' lang='lat' dir='ltr'>quadrantibus</span> <span class='ocrx_word' id='word_1_77' title='bbox 988 984 1097 1023; x_wconf 81' lang='lat' dir='ltr'>arida</span> <span class='ocrx_word' id='word_1_78' title='bbox 1125 993 1310 1033; x_wconf 78' lang='lat' dir='ltr'>centum,-</span> 
     </span>
     <span class='ocr_line' id='line_1_14' title="bbox 262 1049 1187 1099; baseline 0.002 -13"><span class='ocrx_word' id='word_1_79' title='bbox 262 1050 365 1087; x_wconf 82' lang='lat' dir='ltr'>hanc</span> <span class='ocrx_word' id='word_1_80' title='bbox 394 1049 541 1087; x_wconf 87' lang='lat' dir='ltr'>voluit:</span> <span class='ocrx_word' id='word_1_81' title='bbox 580 1063 702 1099; x_wconf 87' lang='lat' dir='ltr'>puero</span> <span class='ocrx_word' id='word_1_82' title='bbox 731 1050 900 1088; x_wconf 77' lang='lat' dir='ltr'>diximus</span> <span class='ocrx_word' id='word_1_83' title='bbox 930 1063 1015 1088; x_wconf 85' lang='lat' dir='ltr'>esse</span> <span class='ocrx_word' id='word_1_84' title='bbox 1044 1051 1187 1088; x_wconf 82' lang='lat' dir='ltr'>datam.</span> 
     </span>
     <span class='ocr_line' id='line_1_15' title="bbox 211 1113 1195 1164; baseline 0.002 -13"><span class='ocrx_word' id='word_1_85' title='bbox 211 1113 378 1152; x_wconf 92' lang='lat' dir='ltr'>Inferius</span> <span class='ocrx_word' id='word_1_86' title='bbox 408 1113 602 1164; x_wconf 86' lang='lat' dir='ltr'>numquid</span> <span class='ocrx_word' id='word_1_87' title='bbox 631 1114 758 1163; x_wconf 86' lang='lat' dir='ltr'>potuit</span> <span class='ocrx_word' id='word_1_88' title='bbox 787 1116 1058 1153; x_wconf 80' lang='lat' dir='ltr'>descendere?</span> <span class='ocrx_word' id='word_1_89' title='bbox 1094 1114 1195 1153; x_wconf 87' lang='lat' dir='ltr'>fecit.</span> 
     </span>
     <span class='ocr_line' id='line_1_16' title="bbox 263 1178 1159 1228; baseline 0 -11"><span class='ocrx_word' id='word_1_90' title='bbox 263 1179 330 1217; x_wconf 83' lang='lat' dir='ltr'>dat</span> <span class='ocrx_word' id='word_1_91' title='bbox 358 1178 484 1228; x_wconf 80' lang='lat' dir='ltr'>gratis,</span> <span class='ocrx_word' id='word_1_92' title='bbox 517 1180 618 1217; x_wconf 87' lang='lat' dir='ltr'>ultro</span> <span class='ocrx_word' id='word_1_93' title='bbox 648 1180 715 1217; x_wconf 79' lang='lat' dir='ltr'>dat</span> <span class='ocrx_word' id='word_1_94' title='bbox 744 1178 840 1216; x_wconf 90' lang='lat' dir='ltr'>mihi</span> <span class='ocrx_word' id='word_1_95' title='bbox 871 1180 1008 1217; x_wconf 77' lang='lat' dir='ltr'>Galla:</span> <span class='ocrx_word' id='word_1_96' title='bbox 1048 1192 1159 1228; x_wconf 78' lang='lat' dir='ltr'>nego.</span> 
     </span>
    </p>
   </div>
   <div class='ocr_carea' id='block_1_4' title="bbox 315 1287 1536 1934">
    <p class='ocr_par' dir='ltr' id='par_1_4' title="bbox 315 1287 1536 1934">
     <span class='ocr_line' id='line_1_17' title="bbox 680 1287 852 1324; baseline 0.006 -1"><span class='ocrx_word' id='word_1_97' title='bbox 680 1287 852 1324; x_wconf 79' lang='lat' dir='ltr'>LXXVI</span> 
     </span>
     <span class='ocr_line' id='line_1_18' title="bbox 318 1367 1153 1417; baseline 0 -12"><span class='ocrx_word' id='word_1_98' title='bbox 318 1369 422 1414; x_wconf 85' lang='lat' dir='ltr'>Hoc,</span> <span class='ocrx_word' id='word_1_99' title='bbox 455 1369 638 1414; x_wconf 82' lang='lat' dir='ltr'>Fortuna,</span> <span class='ocrx_word' id='word_1_100' title='bbox 671 1367 741 1405; x_wconf 86' lang='lat' dir='ltr'>tibi</span> <span class='ocrx_word' id='word_1_101' title='bbox 770 1367 924 1406; x_wconf 76' lang='lat' dir='ltr'>videtur</span> <span class='ocrx_word' id='word_1_102' title='bbox 951 1368 1153 1417; x_wconf 79' lang='lat' dir='ltr'>aequum?</span> 
     </span>
     <span class='ocr_line' id='line_1_19' title="bbox 317 1432 1000 1482; baseline 0.001 -13"><span class='ocrx_word' id='word_1_103' title='bbox 317 1432 410 1470; x_wconf 79' lang='lat' dir='ltr'>civis</span> <span class='ocrx_word' id='word_1_104' title='bbox 441 1446 521 1470; x_wconf 89' lang='lat' dir='ltr'>non</span> <span class='ocrx_word' id='word_1_105' title='bbox 552 1432 732 1482; x_wconf 70' lang='lat' dir='ltr'>Syriaeve</span> <span class='ocrx_word' id='word_1_106' title='bbox 762 1432 1000 1479; x_wconf 69' lang='lat' dir='ltr'>Parffliaeve,</span> 
     </span>
     <span class='ocr_line' id='line_1_20' title="bbox 316 1497 1095 1547; baseline 0.001 -13"><span class='ocrx_word' id='word_1_107' title='bbox 316 1510 390 1535; x_wconf 87' lang='lat' dir='ltr'>nec</span> <span class='ocrx_word' id='word_1_108' title='bbox 419 1498 469 1535; x_wconf 87' lang='lat' dir='ltr'>de</span> <span class='ocrx_word' id='word_1_109' title='bbox 499 1497 749 1546; x_wconf 77' lang='lat' dir='ltr'>Cappadocis</span> <span class='ocrx_word' id='word_1_110' title='bbox 779 1511 899 1547; x_wconf 84' lang='lat' dir='ltr'>eques</span> <span class='ocrx_word' id='word_1_111' title='bbox 929 1497 1095 1543; x_wconf 83' lang='lat' dir='ltr'>catastis,</span> 
     </span>
     <span class='ocr_line' id='line_1_21' title="bbox 316 1562 1180 1612; baseline 0 -12"><span class='ocrx_word' id='word_1_112' title='bbox 316 1563 386 1600; x_wconf 92' lang='lat' dir='ltr'>sed</span> <span class='ocrx_word' id='word_1_113' title='bbox 416 1564 465 1601; x_wconf 87' lang='lat' dir='ltr'>de</span> <span class='ocrx_word' id='word_1_114' title='bbox 495 1564 610 1612; x_wconf 84' lang='lat' dir='ltr'>plebe</span> <span class='ocrx_word' id='word_1_115' title='bbox 642 1562 758 1601; x_wconf 85' lang='lat' dir='ltr'>Remi</span> <span class='ocrx_word' id='word_1_116' title='bbox 788 1564 1024 1612; x_wconf 80' lang='lat' dir='ltr'>Numaeque</span> <span class='ocrx_word' id='word_1_117' title='bbox 1053 1575 1180 1609; x_wconf 81' lang='lat' dir='ltr'>verna,</span> 
     </span>
     <span class='ocr_line' id='line_1_22' title="bbox 317 1625 1536 1676; baseline -0.001 -12"><span class='ocrx_word' id='word_1_118' title='bbox 317 1625 522 1673; x_wconf 88' lang='lat' dir='ltr'>iucundus,</span> <span class='ocrx_word' id='word_1_119' title='bbox 555 1627 712 1676; x_wconf 84' lang='lat' dir='ltr'>probus,</span> <span class='ocrx_word' id='word_1_120' title='bbox 743 1626 934 1664; x_wconf 88' lang='lat' dir='ltr'>innocens</span> <span class='ocrx_word' id='word_1_121' title='bbox 963 1625 1123 1673; x_wconf 78' lang='lat' dir='ltr'>amicus,</span> <span class='ocrx_word' id='word_1_122' title='bbox 1519 1642 1536 1674; x_wconf 89' lang='lat'>5</span> 
     </span>
     <span class='ocr_line' id='line_1_23' title="bbox 316 1690 1213 1740; baseline 0 -12"><span class='ocrx_word' id='word_1_123' title='bbox 316 1691 448 1740; x_wconf 80' lang='lat' dir='ltr'>lingua</span> <span class='ocrx_word' id='word_1_124' title='bbox 476 1692 616 1729; x_wconf 83' lang='lat' dir='ltr'>doctus</span> <span class='ocrx_word' id='word_1_125' title='bbox 646 1699 820 1740; x_wconf 82' lang='lat' dir='ltr'>utraque,</span> <span class='ocrx_word' id='word_1_126' title='bbox 853 1690 962 1728; x_wconf 84' lang='lat' dir='ltr'>cuius</span> <span class='ocrx_word' id='word_1_127' title='bbox 992 1704 1115 1728; x_wconf 89' lang='lat' dir='ltr'>unum</span> <span class='ocrx_word' id='word_1_128' title='bbox 1145 1697 1213 1737; x_wconf 89' lang='lat' dir='ltr'>est,</span> 
     </span>
     <span class='ocr_line' id='line_1_24' title="bbox 316 1755 1152 1805; baseline 0 -12"><span class='ocrx_word' id='word_1_129' title='bbox 316 1756 386 1793; x_wconf 89' lang='lat' dir='ltr'>sed</span> <span class='ocrx_word' id='word_1_130' title='bbox 417 1769 602 1804; x_wconf 75' lang='lat' dir='ltr'>magnum</span> <span class='ocrx_word' id='word_1_131' title='bbox 633 1755 769 1793; x_wconf 78' lang='lat' dir='ltr'>vitium</span> <span class='ocrx_word' id='word_1_132' title='bbox 799 1757 908 1805; x_wconf 82' lang='lat' dir='ltr'>quod</span> <span class='ocrx_word' id='word_1_133' title='bbox 938 1763 996 1794; x_wconf 87' lang='lat' dir='ltr'>est</span> <span class='ocrx_word' id='word_1_134' title='bbox 1026 1763 1152 1805; x_wconf 81' lang='lat' dir='ltr'>poeta,</span> 
     </span>
     <span class='ocr_line' id='line_1_25' title="bbox 315 1819 1027 1869; baseline 0 -12"><span class='ocrx_word' id='word_1_135' title='bbox 315 1821 423 1869; x_wconf 89' lang='lat' dir='ltr'>pullo</span> <span class='ocrx_word' id='word_1_136' title='bbox 455 1819 634 1858; x_wconf 79' lang='lat' dir='ltr'>Maevius</span> <span class='ocrx_word' id='word_1_137' title='bbox 662 1821 764 1869; x_wconf 81' lang='lat' dir='ltr'>alget</span> <span class='ocrx_word' id='word_1_138' title='bbox 792 1819 832 1857; x_wconf 92' lang='lat' dir='ltr'>in</span> <span class='ocrx_word' id='word_1_139' title='bbox 862 1821 1027 1866; x_wconf 84' lang='lat' dir='ltr'>cucullo,</span> 
     </span>
     <span class='ocr_line' id='line_1_26' title="bbox 316 1883 970 1934; baseline -0.002 -12"><span class='ocrx_word' id='word_1_140' title='bbox 316 1896 438 1922; x_wconf 84' lang='lat' dir='ltr'>Cocco</span> <span class='ocrx_word' id='word_1_141' title='bbox 468 1884 589 1922; x_wconf 90' lang='lat' dir='ltr'>mulio</span> <span class='ocrx_word' id='word_1_142' title='bbox 618 1885 739 1934; x_wconf 83' lang='lat' dir='ltr'>fulget</span> <span class='ocrx_word' id='word_1_143' title='bbox 769 1883 970 1922; x_wconf 80' lang='lat' dir='ltr'>Incitatus.</span> 
     </span>
    </p>
   </div>
   <div class='ocr_carea' id='block_1_5' title="bbox 210 1983 1414 2173">
    <p class='ocr_par' dir='ltr' id='par_1_5' title="bbox 210 1983 1414 2173">
     <span class='ocr_line' id='line_1_27' title="bbox 665 1983 861 2020; baseline 0 0"><span class='ocrx_word' id='word_1_144' title='bbox 665 1983 861 2020; x_wconf 84' lang='lat' dir='ltr'>LXXVII</span> 
     </span>
     <span class='ocr_line' id='line_1_28' title="bbox 210 2057 1414 2108; baseline 0.001 -12"><span class='ocrx_word' id='word_1_145' title='bbox 210 2057 389 2108; x_wconf 81' lang='lat' dir='ltr'>Nequius</span> <span class='ocrx_word' id='word_1_146' title='bbox 418 2071 441 2096; x_wconf 81' lang='lat' dir='ltr'>a</span> <span class='ocrx_word' id='word_1_147' title='bbox 470 2059 573 2097; x_wconf 83' lang='lat' dir='ltr'>Caro</span> <span class='ocrx_word' id='word_1_148' title='bbox 603 2058 699 2096; x_wconf 88' lang='lat' dir='ltr'>nihil</span> <span class='ocrx_word' id='word_1_149' title='bbox 729 2072 930 2108; x_wconf 82' lang='lat' dir='ltr'>umquam,</span> <span class='ocrx_word' id='word_1_150' title='bbox 964 2057 1149 2105; x_wconf 84' lang='lat' dir='ltr'>Maxime,</span> <span class='ocrx_word' id='word_1_151' title='bbox 1181 2059 1327 2096; x_wconf 84' lang='lat' dir='ltr'>factum</span> <span class='ocrx_word' id='word_1_152' title='bbox 1357 2065 1414 2097; x_wconf 88' lang='lat' dir='ltr'>est</span> 
     </span>
     <span class='ocr_line' id='line_1_29' title="bbox 262 2123 1247 2173; baseline 0.001 -13"><span class='ocrx_word' id='word_1_153' title='bbox 262 2136 381 2173; x_wconf 82' lang='lat' dir='ltr'>quam</span> <span class='ocrx_word' id='word_1_154' title='bbox 411 2124 520 2173; x_wconf 85' lang='lat' dir='ltr'>quod</span> <span class='ocrx_word' id='word_1_155' title='bbox 549 2123 656 2162; x_wconf 88' lang='lat' dir='ltr'>febre</span> <span class='ocrx_word' id='word_1_156' title='bbox 686 2124 809 2173; x_wconf 78' lang='lat' dir='ltr'>perit:</span> <span class='ocrx_word' id='word_1_157' title='bbox 848 2123 939 2162; x_wconf 83' lang='lat' dir='ltr'>fecit</span> <span class='ocrx_word' id='word_1_158' title='bbox 968 2131 1005 2162; x_wconf 92' lang='lat' dir='ltr'>et</span> <span class='ocrx_word' id='word_1_159' title='bbox 1035 2123 1099 2161; x_wconf 80' lang='lat' dir='ltr'>illa</span> <span class='ocrx_word' id='word_1_160' title='bbox 1129 2125 1247 2162; x_wconf 80' lang='lat' dir='ltr'>nefas.</span> 
     </span>
    </p>
   </div>
   <div class='ocr_carea' id='block_1_6' title="bbox 255 2225 1535 2265">
    <p class='ocr_par' dir='ltr' id='par_1_6' title="bbox 255 2225 1535 2265">
     <span class='ocr_line' id='line_1_30' title="bbox 255 2225 1535 2265; baseline 0.002 -9"><span class='ocrx_word' id='word_1_161' title='bbox 255 2225 382 2257; x_wconf 91' lang='lat' dir='ltr'>LXXV</span> <span class='ocrx_word' id='word_1_162' title='bbox 404 2226 476 2257; x_wconf 82' lang='lat' dir='ltr'><em>hab.</em></span> <span class='ocrx_word' id='word_1_163' title='bbox 503 2225 532 2256; x_wconf 92' lang='lat' dir='ltr'><em>T</em></span> <span class='ocrx_word' id='word_1_164' title='bbox 631 2236 650 2256; x_wconf 89' lang='lat'>2</span> <span class='ocrx_word' id='word_1_165' title='bbox 674 2227 738 2257; x_wconf 85' lang='lat' dir='ltr'>erit</span> <span class='ocrx_word' id='word_1_166' title='bbox 761 2226 790 2257; x_wconf 93' lang='lat' dir='ltr'><em>T</em></span> <span class='ocrx_word' id='word_1_167' title='bbox 895 2236 914 2265; x_wconf 84' lang='lat'>3</span> <span class='ocrx_word' id='word_1_168' title='bbox 937 2227 1068 2258; x_wconf 80' lang='lat' dir='ltr'>velabit</span> <span class='ocrx_word' id='word_1_169' title='bbox 1173 2237 1189 2265; x_wconf 94' lang='lat'><strong>7</strong></span> <span class='ocrx_word' id='word_1_170' title='bbox 1213 2227 1438 2258; x_wconf 86' lang='lat' dir='ltr'>Transierunt</span> <span class='ocrx_word' id='word_1_171' title='bbox 1453 2227 1535 2258; x_wconf 66' lang='lat' dir='ltr'>AA:</span> 
     </span>
    </p>
   </div>
   <div class='ocr_carea' id='block_1_7' title="bbox 209 2269 1540 2398">
    <p class='ocr_par' dir='ltr' id='par_1_7' title="bbox 209 2269 1540 2398">
     <span class='ocr_line' id='line_1_31' title="bbox 209 2269 1537 2301; baseline 0.002 -2"><span class='ocrx_word' id='word_1_172' title='bbox 209 2269 429 2300; x_wconf 82' lang='lat' dir='ltr'>Transierant</span> <span class='ocrx_word' id='word_1_173' title='bbox 445 2269 552 2300; x_wconf 65' lang='lat' dir='ltr'>BACA</span> <span class='ocrx_word' id='word_1_174' title='bbox 641 2271 796 2301; x_wconf 77' lang='lat' dir='ltr'>trinaeue</span> <span class='ocrx_word' id='word_1_175' title='bbox 811 2270 923 2300; x_wconf 71' lang='lat' dir='ltr'>AACA</span> <span class='ocrx_word' id='word_1_176' title='bbox 939 2282 945 2301; x_wconf 93' lang='lat'>:</span> <span class='ocrx_word' id='word_1_177' title='bbox 968 2275 1131 2301; x_wconf 82' lang='lat' dir='ltr'>ternaeue</span> <span class='ocrx_word' id='word_1_178' title='bbox 1144 2270 1199 2300; x_wconf 72' lang='lat' dir='ltr'>BA</span> <span class='ocrx_word' id='word_1_179' title='bbox 1338 2272 1359 2301; x_wconf 89' lang='lat'><em>8</em></span> <span class='ocrx_word' id='word_1_180' title='bbox 1383 2270 1470 2301; x_wconf 87' lang='lat' dir='ltr'>ultra</span> <span class='ocrx_word' id='word_1_181' title='bbox 1488 2270 1537 2301; x_wconf 76' lang='lat' dir='ltr'>CA</span> 
     </span>
     <span class='ocr_line' id='line_1_32' title="bbox 211 2312 1021 2352; baseline 0.002 -10"><span class='ocrx_word' id='word_1_182' title='bbox 211 2312 260 2343; x_wconf 80' lang='lat' dir='ltr'>vel</span> <span class='ocrx_word' id='word_1_183' title='bbox 272 2314 358 2351; x_wconf 81' lang='lat' dir='ltr'>petit</span> <span class='ocrx_word' id='word_1_184' title='bbox 491 2323 529 2352; x_wconf 92' lang='lat'>14</span> <span class='ocrx_word' id='word_1_185' title='bbox 553 2323 586 2343; x_wconf 89' lang='lat' dir='ltr'>u.</span> <span class='ocrx_word' id='word_1_186' title='bbox 605 2313 660 2344; x_wconf 88' lang='lat' dir='ltr'>dat</span> <span class='ocrx_word' id='word_1_187' title='bbox 677 2313 789 2343; x_wconf 69' lang='lat' dir='ltr'>AACA</span> <span class='ocrx_word' id='word_1_188' title='bbox 805 2325 810 2343; x_wconf 93' lang='lat'>:</span> <span class='ocrx_word' id='word_1_189' title='bbox 837 2325 868 2345; x_wconf 89' lang='lat' dir='ltr'>u.</span> <span class='ocrx_word' id='word_1_190' title='bbox 885 2314 950 2344; x_wconf 86' lang='lat' dir='ltr'>iarn</span> <span class='ocrx_word' id='word_1_191' title='bbox 966 2313 1021 2344; x_wconf 77' lang='grc' dir='ltr'>ΒΑ</span> 
     </span>
     <span class='ocr_line' id='line_1_33' title="bbox 254 2355 1540 2398; baseline 0.001 -12"><span class='ocrx_word' id='word_1_192' title='bbox 254 2355 398 2386; x_wconf 90' lang='lat' dir='ltr'>LXXVI</span> <span class='ocrx_word' id='word_1_193' title='bbox 423 2366 443 2395; x_wconf 85' lang='lat'>3</span> <span class='ocrx_word' id='word_1_194' title='bbox 468 2357 565 2396; x_wconf 88' lang='lat' dir='ltr'>equis</span> <span class='ocrx_word' id='word_1_195' title='bbox 583 2356 632 2387; x_wconf 78' lang='lat' dir='ltr'>CA</span> <span class='ocrx_word' id='word_1_196' title='bbox 650 2357 730 2397; x_wconf 81' lang='lat' dir='ltr'>(pro</span> <span class='ocrx_word' id='word_1_197' title='bbox 745 2366 798 2388; x_wconf 85' lang='lat' dir='ltr'>-es</span> <span class='ocrx_word' id='word_1_198' title='bbox 809 2358 835 2396; x_wconf 68' lang='grc' dir='ltr'>ἓ)</span> <span class='ocrx_word' id='word_1_199' title='bbox 977 2368 997 2395; x_wconf 87' lang='lat'>4</span> <span class='ocrx_word' id='word_1_200' title='bbox 1016 2360 1092 2396; x_wconf 76' lang='lat' dir='ltr'>post</span> <span class='ocrx_word' id='word_1_201' title='bbox 1106 2367 1133 2388; x_wconf 87' lang='lat' dir='ltr'>v.</span> <span class='ocrx_word' id='word_1_202' title='bbox 1155 2367 1172 2395; x_wconf 96' lang='lat'>7</span> <span class='ocrx_word' id='word_1_203' title='bbox 1186 2356 1241 2387; x_wconf 74' lang='lat' dir='ltr'>BA</span> <span class='ocrx_word' id='word_1_204' title='bbox 1259 2356 1394 2397; x_wconf 78' lang='lat' dir='ltr'>(lmnsp.</span> <span class='ocrx_word' id='word_1_205' title='bbox 1407 2360 1540 2398; x_wconf 82' lang='lat' dir='ltr'>propter</span> 
     </span>
    </p>
   </div>
   <div class='ocr_carea' id='block_1_8' title="bbox 208 2399 522 2441">
    <p class='ocr_par' dir='ltr' id='par_1_8' title="bbox 208 2399 522 2441">
     <span class='ocr_line' id='line_1_34' title="bbox 208 2399 522 2441; baseline 0.003 -12"><span class='ocrx_word' id='word_1_206' title='bbox 208 2399 428 2431; x_wconf 76' lang='lat' dir='ltr'>lzomoeoarclz.</span> <span class='ocrx_word' id='word_1_207' title='bbox 448 2400 522 2441; x_wconf 86' lang='lat' dir='ltr'>sed)</span> 
     </span>
    </p>
   </div>
  </div>
 </body>
</html>
