1684 2763
764 159 1232 197 EPIGRAMMATON
1267 160 1366 196 LIB.
1400 160 1458 196 XI

129 267 234 305 Scire
264 266 374 316 cupis
404 269 583 305 nomen?
621 266 651 304 si
682 275 840 317 propter
869 268 988 315 basia,
1021 269 1161 307 dicam.

186 331 335 370 Iurasti.
395 331 573 369 Nimium
604 331 712 378 scire,
745 332 900 379 Sabine,
933 333 1053 383 cupis.

656 438 715 474 IX

127 518 264 556 Clarus
295 519 433 556 fronde
464 518 583 566 Iovis,
616 519 789 557 Romani
819 520 924 557 fama
953 520 1149 567 cothurni,

180 582 298 632 spirat
328 584 493 632 Apellea
522 583 698 622 redditus
728 592 809 623 arte
841 586 1008 622 Memor.

665 689 701 724 X

126 768 304 807 Contulit
333 770 384 806 ad
415 776 562 807 saturas
592 768 766 819 ingentia
795 777 955 818 pectora
984 771 1153 808 Turnus.

179 834 260 871 Cur
290 847 369 871 non
399 835 450 872 ad
482 834 672 872 Memoris
703 834 910 872 carmina?
968 837 1100 874 Frater
1130 843 1220 873 erat.

651 941 710 977 XI

125 1023 248 1067 Tolle,
281 1035 387 1071 puer,
419 1020 559 1059 calices
589 1021 792 1070 tepidique
823 1030 1043 1060 toreumata
1073 1022 1153 1060 Nili

176 1095 214 1124 et
244 1086 340 1124 mihi
369 1100 505 1124 secura
534 1088 675 1136 pocula
705 1088 814 1125 trade
845 1100 965 1124 manu

122 1150 209 1188 trita
238 1158 391 1200 patrum
421 1150 538 1189 labris
567 1158 605 1189 et
636 1158 753 1189 tonso
782 1164 879 1200 pura
908 1150 1114 1198 ministro3

174 1215 326 1254 anticus
357 1215 502 1254 mensis
532 1215 755 1254 restituatur
784 1217 921 1254 honor.

122 1282 180 1319 Te
209 1289 344 1331 potare
373 1282 487 1320 decet
515 1294 672 1330 gemma
702 1281 769 1330 qui
800 1283 985 1319 Mentora
1014 1280 1156 1330 frangis
1434 1300 1451 1331 5

174 1345 213 1383 in
243 1345 448 1396 scaphium
479 1347 683 1394 moechae,
713 1347 1002 1396 Sardanapalle‚
1035 1354 1134 1384 tuae.

636 1451 718 1487 XII

122 1533 188 1569 Ius
218 1531 288 1569 tibi
318 1539 499 1569 natorum
529 1532 589 1568 vel
619 1539 782 1580 septem,
814 1531 933 1578 Zoile,
965 1532 1089 1577 detur,

174 1598 268 1635 dum
300 1605 463 1634 matrem
495 1609 613 1633 nemo
643 1597 709 1634 det
740 1595 821 1643 tibi,
854 1610 972 1634 nemo
1003 1604 1163 1646 patrem.

619 1701 725 1737 XIII

227 1781 416 1832 Quisquis
448 1780 681 1819 Flaminiam
712 1780 813 1827 teris,
845 1780 979 1827 viator,

226 1847 306 1885 noli
336 1847 468 1885 nobile
498 1846 704 1896 praeterire
734 1859 913 1884 marmor.

226 1911 342 1950 Vrbis
372 1911 536 1950 deliciae
565 1913 744 1960 salesque
775 1910 867 1957 Nili,

224 1990 284 2014 ars
314 1984 352 2014 et
380 1976 511 2026 gratia,
543 1977 650 2013 lusus
680 1983 717 2013 et
746 1976 938 2025 voluptas,

226 2041 398 2080 Romani
428 2043 548 2079 decus
578 2048 616 2079 et
645 2041 758 2079 dolor
788 2040 927 2078 theatri
1428 2056 1446 2087 5

223 2113 342 2156 atque
372 2119 509 2144 omnes
539 2107 714 2144 Veneres
745 2105 1044 2154 Cupidinesque

225 2172 300 2209 hoc
330 2179 420 2208 sunt
449 2170 623 2218 condita,
652 2183 732 2220 quo
763 2170 883 2218 Paris,
914 2170 1133 2220 sepulchro.

164 2274 213 2304 IX
237 2273 405 2304 cumVIII
423 2273 516 2312 confl.
538 2272 587 2303 CA

162 2317 194 2347 X
219 2327 238 2347 2
261 2317 324 2348 Cui
340 2316 389 2347 CA
477 2321 531 2347 eat
547 2316 596 2347 CA

162 2360 209 2390 XI
236 2371 310 2390 cum
331 2360 364 2390 X
381 2359 472 2398 confl.
495 2360 543 2390 CA
686 2370 705 2399 3
731 2364 850 2390 tonsor
865 2359 921 2390 BA
1053 2370 1072 2397 4
1097 2359 1284 2389 restituitur
1303 2358 1351 2389 CA
1368 2359 1446 2398 (pro

118 2409 208 2434 -etur
219 2405 242 2445 ἕ)
335 2414 354 2443 5
378 2408 513 2443 portare
526 2403 582 2433 ΒΑ
716 2402 783 2432 XII
806 2413 825 2432 2
849 2413 948 2433 nemo
961 2403 1017 2433 det
1032 2413 1131 2433 nemo
1145 2403 1203 2432 tibi
1217 2413 1248 2442 p.
1264 2401 1313 2432 CA
1330 2405 1366 2431 nt
1381 2401 1443 2431 vicl.
