1684 2763
165 163 220 200 M.
252 162 373 199 VAL.
407 162 720 200 MARTIALIS

271 272 328 311 vis
357 281 531 323 spectem
560 273 691 324 potius
720 281 805 312 tuas
836 275 1013 312 lucernas
1475 290 1492 321 5

270 345 338 376 aut
366 339 506 376 citrum
535 346 645 377 vetus
677 338 917 388 Indicosque
947 340 1116 377 dentes?

270 404 483 453 Suspectus
513 403 584 441 tibi
613 417 663 442 ne
693 412 825 442 tamen
854 405 1094 451 recumbam,

271 476 424 518 praesta
453 469 502 507 de
530 481 644 518 grege
673 469 910 519 sordidaque
938 469 1028 507 villa

271 541 417 580 tonsos,
449 532 681 580 horridulos‚
713 535 839 580 rudes,
872 533 1034 583 pusillos

272 598 414 636 hircosi
444 597 538 635 mihi
569 597 668 635 filios
699 597 862 635 subulci.
884 637 892 644 ,
1453 614 1492 636 10

273 664 415 701 Perdet
444 670 482 700 te
511 663 624 701 dolor
654 661 740 699 hic:
780 663 935 709 habere,
968 662 1095 708 Publi,

272 741 399 765 mores
429 740 508 765 non
538 734 650 777 potes
680 728 751 765 hos
782 734 819 765 et
848 728 920 764 hos
950 726 1157 766 ministros.

647 798 785 836 XCIX

164 863 202 901 Si
234 865 417 901 Romana
445 863 572 901 forent
601 863 698 900 hacc
728 862 896 900 Socratis
926 876 1002 909 ora,
1034 862 1197 901 fuissent

218 928 341 966 Iulius
371 928 409 965 in
440 927 585 965 Saturis
615 927 745 977 qualia
776 929 902 966 Rufus
932 929 1061 966 habet.

164 1063 283 1112 Quid,
315 1064 442 1109 stulte,
475 1062 615 1101 nostris
645 1063 820 1100 versibus
850 1072 938 1101 tuos
968 1062 1138 1101 misces?

163 1142 253 1167 cum
284 1127 457 1177 litigante
487 1127 583 1176 quid
614 1127 693 1173 tibi,
728 1127 853 1174 miser,
886 1127 1017 1165 libro?

163 1193 259 1243 quid
289 1205 522 1242 congregare
553 1205 642 1229 cum
673 1192 853 1230 leonibus
883 1193 1017 1241 volpes

161 1258 381 1308 aquilisque
410 1256 556 1294 similes
585 1257 711 1294 facere
740 1264 903 1294 noctuas
933 1256 1117 1306 quaeris?

163 1324 309 1361 habeas
338 1321 470 1359 licebit
498 1322 662 1359 alterum
692 1322 835 1370 pedem
868 1322 1009 1368 Ladae,
1473 1337 1489 1368 5

164 1387 305 1438 inepte,
338 1387 476 1424 frustra
505 1399 614 1424 crure
644 1385 774 1435 ligneo
803 1399 943 1424 curres.

693 1457 748 1495 CI

165 1522 298 1571 Elysio
329 1523 460 1559 redeat
491 1535 507 1559 s
551 1522 649 1559 forte
679 1521 862 1559 remissus
891 1521 942 1559 ab
971 1535 1062 1570 agro

217 1587 279 1624 ille
309 1600 380 1624 suo
411 1585 500 1624 felix
530 1587 697 1625 Caesare
729 1586 870 1624 Gabba
899 1594 1020 1632 vetus,

163 1652 230 1702 qui
261 1650 529 1701 Capitolinum
559 1651 700 1700 pariter
731 1651 993 1700 Gabbamque
1022 1650 1196 1689 iocantes

217 1716 381 1754 audierit
411 1715 537 1754 dicet:
582 1715 766 1753 ‘Rustice
797 1715 949 1762 Gabba,
981 1717 1089 1753 tace.’

679 1788 758 1824 CII

273 1854 363 1898 Qua
392 1852 515 1887 factus
544 1850 693 1888 ratione
723 1850 770 1887 sit
800 1849 971 1899 requiris,

271 1915 338 1965 qui
368 1928 586 1964 numquam
616 1914 741 1961 futuit,
774 1922 881 1964 pater
912 1913 1121 1951 Philinus?

208 2013 354 2044 XCVIII
380 2023 398 2052 5
424 2013 576 2043 lacernas
594 2011 621 2041 L
754 2013 775 2041 6
798 2016 834 2042 ut
853 2012 902 2042 CA
1035 2021 1051 2050 7
1077 2016 1142 2041 tam
1164 2011 1213 2042 CA
1234 2011 1316 2051 (pro
1334 2015 1412 2051 tasi]y
1433 2013 1453 2043 τ’.
1466 2023 1487 2042 e.

164 2059 290 2095 tamen)
437 2066 471 2086 11
498 2057 638 2095 praedet
656 2055 688 2085 A
708 2055 779 2094 (vix
792 2061 853 2095 pro
870 2054 996 2094 prodit)
1110 2055 1205 2086 dolor
1215 2054 1292 2085 BA:
1317 2055 1424 2093 pudor
1443 2055 1492 2085 CA

165 2100 281 2131 XCIX
309 2110 322 2130 1
349 2100 437 2130 soret
457 2099 505 2130 CA
566 2100 670 2130 fuisse
686 2099 740 2128 ΒΑ
758 2100 843 2138 (-ent
863 2098 928 2137 Q>z
951 2098 1071 2129 suisset
1092 2098 1141 2129 CA
1243 2108 1262 2128 2
1286 2099 1412 2136 satyris
1428 2098 1491 2137 ΡΩ

165 2144 192 2175 C
216 2154 266 2175 vv.
284 2144 348 2182 3-6
364 2143 437 2175 lmh.
462 2142 491 2172 T
590 2152 610 2172 2
634 2142 820 2181 litigantem
840 2142 889 2172 CA
1028 2153 1047 2180 4
1070 2141 1194 2180 aliquis
1210 2141 1287 2180 quie
1308 2141 1359 2172 CA
1375 2145 1411 2172 ut
1426 2141 1488 2173 vid.

166 2221 247 2261 (pro
274 2195 348 2260 qui)
509 2229 528 2257 5
553 2219 630 2249 licet
661 2219 690 2249 T
753 2219 840 2258 pede
867 2217 961 2258 (LF)
987 2218 1036 2248 vel
1058 2219 1178 2256 pedem
1199 2217 1276 2248 BA:
1309 2219 1414 2257 pedes
1441 2218 1490 2248 CA

164 2264 281 2295 laedae
298 2262 378 2302 (le-)
391 2262 447 2292 BA
465 2263 553 2302 (cum
570 2261 626 2303 X)
715 2263 736 2291 6
759 2262 899 2292 frustrae
919 2261 968 2292 CA
984 2264 1021 2291 ut
1036 2261 1098 2292 vid.
1155 2260 1175 2291 l.
1195 2271 1310 2292 curres
1324 2262 1379 2292 BA
1394 2272 1402 2291 ε
1422 2271 1488 2292 om.

163 2307 225 2337 ΑΑ
243 2309 395 2346 (propter
409 2305 632 2344 lzomoeotel.):
659 2305 678 2337 l.
702 2306 810 2335 curris
827 2305 876 2334 CA
1030 2304 1074 2334 CI
1099 2304 1174 2335 hab.
1198 2303 1227 2334 T
1313 2314 1327 2335 1
1354 2304 1489 2344 Elysios

165 2351 280 2382 credat
299 2349 347 2381 CA
468 2359 488 2378 2
512 2354 609 2378 notas
632 2348 661 2378 T
764 2359 784 2387 3
806 2358 872 2387 quo
890 2347 954 2394 ΕΑ.
1000 2352 1162 2378 uocantes
1180 2347 1229 2378 CA
1425 2347 1487 2378 CII

163 2427 239 2458 hab.
261 2426 291 2456 T
416 2436 429 2456 1
457 2425 634 2464 requeritis
651 2424 711 2455 ΑΛ
729 2426 805 2465 (pro
822 2399 984 2464 requei-il)
1121 2435 1140 2454 2
1162 2424 1252 2455 saliit
1268 2424 1326 2454 ΑΑ
1345 2423 1431 2463 (aliit
1447 2423 1488 2463 T)

165 2471 241 2511 (pro
257 2468 371 2512 futuit)
427 2469 550 2500 filenus
568 2469 717 2509 Tstelz'am
733 2468 781 2499 CA
798 2470 830 2499 in
848 2468 960 2499 Iemm.
979 2477 1022 2498 m:
1040 2468 1177 2508 FiLENO)
1193 2479 1200 2499 ι
1219 2467 1402 2498 Philaenus
1418 2466 1486 2498 edd.
