1684 2763
729 142 1197 181 EPIGRAMMATON
1231 144 1331 181 LIB.
1365 145 1469 181 VIII

251 250 359 289 docti
389 250 525 289 Narbo
556 252 722 288 Paterna
751 251 920 298 Votieni,
1454 270 1470 299 5

251 317 303 354 ad
333 317 436 365 leges
466 315 574 354 iubet
601 329 836 365 annuosque
865 317 1012 354 fasces:

252 379 351 417 votis
381 381 489 429 quod
519 379 676 430 paribus
707 379 777 418 tibi
806 381 1023 430 petendum
1053 389 1122 426 est,

251 444 453 494 continget
482 446 591 483 locus
621 444 685 483 ille
714 452 752 483 et
781 445 845 483 hic
873 445 1034 484 amicus.

253 511 384 557 Quam
414 510 554 548 vellem
584 509 665 548 fieri
695 523 805 548 meus
835 510 1014 549 libellus!

612 620 793 657 LXXIII

147 688 295 735 Istanti,
328 702 408 739 quo
438 703 510 728 nec
540 689 726 728 sincerior
753 691 850 728 alter
879 690 1044 728 hahetur

198 762 356 804 pectore
386 768 459 793 nec
488 755 601 793 nivea
630 755 878 804 simplicitate
908 755 1020 805 prior,

145 818 176 855 si
206 820 299 857 dare
327 819 384 857 vis
414 827 569 858 nostrae
597 820 696 858 vires
724 820 958 870 animosque
987 819 1151 858 Thaliae

199 891 236 922 et
266 883 413 922 victura
442 884 541 934 petis
571 885 753 931 carmina,
786 886 837 923 da
866 886 974 934 quod
1007 899 1148 923 amem.

146 949 317 998 Cynthia
346 956 384 987 te
412 957 541 987 vatem
571 949 672 996 fecit,
705 949 848 987 lascive
879 949 1080 1000 Properti3

199 1013 399 1064 ingenium
431 1013 533 1052 Galli
562 1015 726 1064 pulchra
755 1014 916 1063 Lycoris
948 1022 1053 1061 erat3

146 1080 248 1116 fama
277 1086 335 1117 est
363 1079 487 1128 arguti
519 1079 699 1117 Nemesis
728 1080 928 1117 formonsa
957 1079 1128 1126 Tibulli;

200 1143 344 1182 Lesbia
373 1143 545 1190 dictavit,
577 1145 695 1183 docte
725 1145 892 1192 Catulle,
923 1144 1021 1182 tibi:

147 1221 226 1246 non
257 1222 320 1246 me
350 1208 523 1259 Paeligni
553 1222 627 1247 nec
656 1216 812 1258 spernet
843 1211 1010 1247 Mantua
1039 1216 1180 1255 vatem,

199 1273 230 1311 si
260 1287 337 1324 qua
367 1274 541 1313 Corinna
571 1273 677 1321 mihi,
709 1274 741 1312 si
770 1274 858 1324 quis
887 1274 1021 1312 Alexis
1050 1274 1131 1312 erit.
1438 1291 1476 1313 10

616 1385 792 1422 LXXIV

147 1460 420 1510 Oplomachus
450 1473 555 1498 nunc
585 1473 636 1506 es,
669 1461 795 1498 fueras
825 1459 1088 1510 opthalmicus
1117 1468 1219 1498 ante.

201 1524 325 1562 fecisti
355 1524 530 1563 medicus
560 1526 669 1574 quod
698 1524 792 1563 facis
822 1526 1092 1575 oplomachus.

630 1629 780 1666 LXXV

151 1707 256 1743 Dum
287 1705 425 1755 repetit
455 1718 538 1743 sera
567 1706 787 1743 conductos
818 1713 934 1743 nocte
964 1712 1126 1755 penates

203 1770 405 1820 Lingonus
434 1784 457 1808 a
485 1772 610 1808 Tecta
640 1769 911 1819 Flaminiaque
940 1783 1086 1816 recens,

148 1834 294 1884 expulit
323 1836 474 1873 offenso
503 1834 680 1872 vitiatum
709 1834 851 1884 pollice
880 1836 1002 1872 talum

202 1907 240 1938 et
269 1899 387 1938 iacuit
416 1907 500 1938 toto
529 1913 692 1950 corpore
722 1902 829 1938 susus
859 1900 979 1937 humi.

149 1964 245 2014 quid
273 1966 416 2003 faceret
446 1967 592 2012 Gallus,
625 1978 703 2014 qua
731 1978 772 2003 se
801 1965 951 2003 ratione
980 1966 1186 2003 moveret?
1458 1983 1474 2010 ,ς

203 2029 350 2079 ingenti
379 2030 544 2068 domino
573 2031 747 2068 servulus
776 2044 878 2068 unus
907 2037 998 2075 erat,

196 2133 326 2163 LXXII
353 2142 372 2171 5
396 2133 465 2163 uoti
483 2133 572 2163 enim
590 2132 640 2163 CA
727 2134 747 2163 8
772 2133 848 2163 hinc
869 2132 919 2163 CA
1125 2131 1275 2162 LXXIII
1305 2142 1318 2161 1
1347 2132 1474 2162 Instani

152 2175 208 2207 BA
223 2188 230 2206 z
247 2176 346 2207 Stant
361 2176 411 2207 CA
424 2177 473 2215 (cf.
487 2176 533 2206 ad
547 2176 584 2215 L,
601 2175 656 2216 21)
747 2187 767 2206 2
791 2177 891 2207 uinea
905 2176 932 2206 L
952 2175 1083 2214 (alfort.
1100 2175 1170 2215 BA)
1184 2174 1253 2205 EX
1262 2176 1392 2215 tetfort.
1411 2175 1473 2206 CA*

150 2229 170 2258 3
194 2220 406 2259 animumque
430 2219 507 2250 BA:
539 2220 738 2259 animosque
766 2219 815 2250 CA
910 2229 930 2258 4
955 2220 996 2250 da
1012 2230 1077 2249 om.
1104 2218 1154 2249 CA
1240 2228 1327 2256 5-10
1351 2230 1474 2249 novum

149 2263 247 2302 epigr.
269 2262 318 2292 CA
420 2272 438 2301 5
462 2264 586 2294 lasciua
602 2263 677 2293 BA:
700 2264 825 2294 lasciue
844 2262 894 2293 CA
963 2263 1146 2302 propertirn
1166 2261 1215 2292 CA
1231 2265 1267 2291 ut
1282 2262 1344 2292 vid.
1455 2273 1475 2299 o

152 2306 276 2345 peligni
295 2309 332 2335 ut
345 2306 408 2337 vid.
428 2306 515 2337 codd.
606 2307 736 2346 spernit
751 2307 807 2336 ΒΑ
824 2308 900 2346 (pro
916 2308 1025 2345 -net?)
1135 2315 1173 2335 10
1197 2310 1266 2335 erat
1284 2308 1320 2334 ul
1340 2304 1404 2335 vicl.
1421 2305 1475 2334 BA

154 2349 300 2379 LXXIV
323 2349 395 2380 lzab.
413 2349 448 2379 R
610 2360 624 2380 1
653 2351 908 2389 Hoplomachus
934 2350 1035 2389 (—cus)
1061 2348 1170 2379 BACA
1194 2348 1264 2387 (sed
1279 2349 1316 2387 cf
1339 2347 1474 2377 Frz'end-

152 2391 285 2422 laender
297 2392 343 2422 ad
352 2392 425 2431 loc.)
494 2403 512 2422 2
538 2393 616 2424 facit
634 2393 685 2423 CA
815 2393 944 2423 LXXV
971 2403 984 2422 1
1004 2393 1189 2423 conductus
1202 2391 1258 2421 EA
1271 2398 1360 2431 (cnm
1374 2390 1454 2421 AG¹
1470 2409 1471 2415 κ

152 2447 171 2474 3
196 2435 314 2466 uitiato
333 2435 382 2466 CA
470 2447 489 2474 4
514 2436 625 2467 fuscus
643 2436 694 2467 CA
