1684 2715
805 148 1271 187 EPIGRAMMATON
1305 151 1358 187 LI
1367 151 1407 187 B.
1447 152 1459 188 1

637 259 734 296 LIV

233 328 272 368 Si
303 328 410 379 quid,
445 330 582 376 Fusce‚
614 342 729 367 vacas
759 330 891 368 adhuc
919 329 1097 368 amari—

234 408 324 432 nam
356 401 446 432 sunt
476 393 568 432 hinc
599 393 681 441 tibi,
713 402 804 433 sunt
833 402 871 433 et
901 395 994 433 hinc
1022 396 1204 441 amici—‚

233 473 369 506 unum,
401 459 431 497 si
461 467 648 510 superest,
681 461 813 498 locum
844 473 1038 510 rogamus,

233 538 306 563 nec
337 538 411 572 me,
443 527 552 575 quod
583 524 653 563 tibi
683 524 756 563 sim
787 539 924 573 novus,
955 540 1134 565 recuses:

233 603 372 628 omnes
402 591 478 628 hoc
508 598 657 629 veteres
687 590 743 629 tui
772 592 938 629 fuerunt.
1441 611 1457 641 5

233 661 273 693 tu
305 662 457 693 tantum
487 655 638 706 inspice
669 655 735 706 qui
766 669 891 694 novus
920 663 1077 706 paratur

232 733 281 757 an
312 720 435 770 possit
464 720 545 758 fieri
575 728 686 759 vetus
715 720 872 759 sodalis.

650 821 721 857 LV

126 892 229 928 Vota
259 890 314 928 tui
346 890 512 928 breviter
542 890 572 928 si
603 889 659 927 vis
689 903 928 939 cognoscere
961 890 1097 936 Marci,

179 956 326 993 clarum
358 955 528 1001 militiae,
563 956 721 1001 Fronto,
755 962 950 1005 togaeque
979 956 1111 1002 decus,

126 1022 202 1058 hoc
232 1020 339 1070 petit,
372 1034 458 1058 esse
488 1020 546 1058 sui
577 1033 651 1058 nec
681 1020 813 1069 magni
842 1020 938 1058 ruris
968 1028 1105 1066 arator,

179 1085 418 1135 sordidaque
448 1085 486 1122 in
517 1084 644 1135 parvis
674 1085 754 1123 otia
782 1085 898 1123 rebus
927 1092 1044 1123 amat.

126 1150 335 1200 quisquam
366 1150 471 1200 picta
500 1150 593 1189 colit
623 1150 805 1200 Spartani
835 1150 975 1200 frigora
1006 1151 1085 1188 saxi
1442 1169 1457 1198 ,ε

179 1223 217 1254 et
248 1216 484 1254 matutinum
515 1223 644 1266 portat
674 1216 830 1266 ineptus
862 1217 989 1262 Have,

127 1280 189 1318 cui
219 1281 309 1319 licet
339 1281 485 1319 exuviis
516 1280 688 1319 nemoris
718 1280 894 1330 rurisque
925 1281 1042 1319 beato

179 1354 271 1384 ante
301 1348 433 1385 focum
465 1348 601 1396 plenas
631 1346 864 1396 explicuisse
894 1348 1027 1396 plagas

126 1420 163 1451 et
193 1413 342 1462 piscem
373 1415 538 1452 tremula
568 1413 773 1451 salientem
803 1414 947 1451 ducere
977 1420 1083 1451 saeta

180 1480 360 1528 flavaque
390 1480 440 1517 de
470 1479 588 1517 rubro
618 1491 798 1528 promere
828 1480 944 1516 mella
973 1479 1104 1516 cado?
1423 1494 1459 1515 10

127 1543 282 1594 pinguis
311 1544 538 1594 inaequales
568 1552 704 1582 onerat
734 1543 797 1582 cui
827 1543 940 1581 vilica
970 1557 1126 1581 mensas

181 1617 219 1647 et
248 1622 318 1647 sua
348 1623 428 1647 non
459 1616 615 1659 emptus
645 1616 848 1658 praeparat
878 1622 951 1646 ova
980 1608 1111 1647 cinis?

128 1688 208 1712 non
238 1683 343 1713 amet
373 1677 476 1713 hanc
507 1675 627 1713 vitam
657 1674 835 1725 quisquis
866 1688 929 1713 me
959 1688 1039 1713 non
1069 1682 1185 1720 amat,
1217 1681 1323 1724 opto.

182 1739 283 1778 vivat
314 1748 351 1779 et
382 1740 541 1779 urbanis
570 1741 683 1778 albus
714 1739 753 1778 in
784 1740 931 1779 officiis.

640 1841 734 1877 LVI

129 1909 339 1948 Continuis
369 1918 505 1948 vexata
536 1911 668 1948 madet
698 1909 897 1948 vindemia
928 1909 1096 1947 nimbis:
1138 1960 1142 1964 q

183 1987 262 2012 non
294 1982 417 2024 poteS‚
450 1982 491 2013 ut
521 1975 667 2025 cupias,
700 1976 882 2022 vendere,
915 1988 1027 2024 copo,
1063 1988 1223 2012 merum.

626 2080 744 2117 LVII

128 2144 311 2192 Qualem,
344 2145 495 2190 Flacce,
529 2144 645 2182 velim
675 2144 829 2194 quaeris
858 2143 1032 2182 nolimve
1062 2145 1263 2193 puellam?

181 2210 275 2247 nolo
305 2208 421 2247 nimis
451 2209 606 2248 facilem
636 2209 917 2259 difficilemque
947 2208 1074 2247 nimis.

173 2312 246 2342 LIV
271 2322 290 2342 2
314 2312 367 2342 hie
384 2313 443 2342 tibi
462 2312 511 2343 CA

173 2355 231 2385 LV
254 2365 274 2394 3
300 2360 393 2395 petet
410 2356 465 2385 ΒΑ
483 2368 489 2387 :
513 2357 597 2396 petit
616 2357 664 2387 CA
767 2357 787 2385 6
811 2366 908 2386 auem
929 2355 977 2385 CA
1083 2365 1099 2393 7
1125 2355 1215 2385 exuti
1237 2354 1284 2384 CA
1374 2354 1460 2383 beati

130 2398 178 2429 CA
347 2401 367 2429 8
391 2399 593 2439 explicuisse
610 2400 686 2431 BA:
711 2400 912 2439 exposuisse
933 2398 981 2428 CA
1183 2408 1219 2435 14
1246 2398 1392 2427 urbanus
1413 2397 1460 2427 CA

172 2442 244 2472 LVI
262 2442 334 2474 hab.
354 2442 388 2473 R
920 2442 1011 2472 LVII
1032 2441 1104 2472 hab.
1124 2440 1157 2469 R
