1684 2763
199 163 254 200 M.
288 163 410 200 VAL.
444 163 758 201 MARTIALIS

199 273 417 313 Blanditias
447 274 598 313 nescis:
631 277 640 295 ‘
657 275 784 313 dabo'
814 274 878 314 dic
910 275 1005 313 ‘tibi
1036 274 1142 314 milia
1170 282 1330 314 centum
1510 293 1527 323 5

249 346 288 378 et
317 340 422 379 dabo
452 339 576 378 Setini
605 339 737 390 iugera
766 341 871 378 culta
900 340 973 379 soli
988 355 998 388 3

193 403 329 454 accipe
357 404 458 452 vina,
489 406 666 452 domum,
697 418 851 455 pueros,
883 406 1153 455 chrysendeta,
1185 407 1365 444 mensas.'

249 469 317 508 Nil
346 482 445 519 opus
475 477 533 508 est
562 469 715 520 digitis:
755 470 809 508 sic
840 469 946 518 mihi,
979 470 1116 520 Phylli,
1147 470 1251 509 frica.

691 559 808 594 XXX

195 627 251 665 Os
281 627 382 664 male
411 625 618 665 causidicis
648 633 686 664 et
716 625 813 664 dicis
843 627 948 665 olere
976 627 1113 677 poetis.

247 692 317 729 sed
346 691 521 738 fellatori,
553 690 672 738 Zoile,
704 691 816 740 peius
847 693 938 730 olet.

676 780 815 816 XXXI

300 851 443 887 Atreus
474 848 669 888 Caecilius
700 849 991 888 cucurbitarum

301 913 357 952 sic
385 913 468 952 illas
499 913 609 963 quasi
640 913 740 952 filios
770 915 967 964 Thyestae

302 977 341 1016 in
371 986 500 1028 partes
530 980 672 1016 lacerat
703 986 889 1028 secatque
924 979 1039 1017 mille.

300 1051 415 1092 gustu
446 1043 623 1093 protinus
654 1045 723 1081 has
754 1045 847 1082 edes
878 1043 917 1082 in
947 1044 1043 1094 ipso,

300 1109 370 1146 has
400 1108 525 1158 prima
554 1109 649 1146 feret
679 1110 848 1147 alterave
877 1122 986 1156 cena,
1508 1125 1524 1156 5

300 1174 370 1211 has
401 1186 500 1212 cena
529 1173 600 1211 tibi
630 1173 742 1211 tertia
771 1182 945 1223 reponet,

301 1238 392 1277 hinc
423 1252 526 1276 seras
556 1238 806 1288 epidipnidas
837 1238 997 1289 parabit.

301 1303 394 1342 hinc
424 1303 546 1354 pistor
575 1305 699 1342 fatuas
730 1304 820 1342 facit
851 1306 1061 1354 placentas,

298 1368 391 1406 hinc
421 1376 459 1406 et
489 1368 724 1418 multiplices
754 1368 866 1406 struit
896 1368 1058 1407 tabellas

301 1437 338 1468 et
368 1438 482 1468 notas
512 1430 731 1480 caryotidas
762 1430 931 1469 theatris.
1488 1446 1526 1468 10

301 1494 393 1533 hinc
423 1494 500 1533 exit
530 1494 678 1533 varium
708 1508 806 1533 coco
837 1494 1012 1542 minutal,

301 1567 342 1597 ut
372 1561 518 1598 lentem
549 1559 716 1609 positam
748 1560 958 1610 fabamque
988 1560 1123 1598 credas
1139 1574 1148 1606 3

300 1624 453 1663 boletos
487 1624 659 1663 imitatur
688 1632 725 1663 ct
755 1626 934 1672 botellos,

301 1697 338 1727 et
368 1691 535 1728 caudam
566 1689 668 1739 cybii
699 1690 915 1740 brevesque
945 1702 1114 1728 maenas.

300 1753 393 1792 hinc
423 1754 600 1792 cellarius
630 1754 824 1804 experitur
853 1762 965 1801 artes,
1487 1768 1524 1801 15

301 1826 343 1858 ut
372 1820 518 1857 condat
548 1819 653 1857 vario
683 1821 787 1857 vafer
816 1833 955 1869 sapore

302 1883 340 1921 in
371 1891 478 1921 rutae
508 1883 643 1921 folium
676 1883 914 1932 Capelliana.

301 1948 357 1987 sic
386 1947 509 1997 inplet
536 1948 696 1997 gabatas
726 1947 1045 1998 paropsidesque,

302 2020 340 2051 et
369 2014 473 2051 leves
503 2014 674 2052 scutulas
704 2026 898 2063 cavasque
928 2014 1069 2051 lances.

304 2079 397 2116 Hoc
427 2079 576 2116 lautum
606 2085 731 2124 vocat,
763 2078 839 2115 hoc
868 2085 979 2127 putat
1008 2083 1227 2122 venustum,
1486 2091 1525 2113 20

304 2155 426 2180 unum
456 2155 603 2192 ponere
633 2141 787 2180 ferculis
818 2149 875 2180 tot
903 2155 1041 2180 assem.

236 2244 359 2275 XXIX
383 2254 402 2283 5
427 2245 480 2275 dic
498 2244 572 2284 tibi]
595 2245 673 2276 dicti
693 2244 742 2275 CA
760 2244 798 2281 (ti
811 2250 872 2285 pro
889 2244 922 2284 ti,
941 2245 960 2276 i.
974 2254 997 2274 e.
1017 2243 1089 2279 tibi)
1180 2245 1200 2273 6
1216 2248 1311 2274 certa
1326 2242 1386 2273 ΑΑ
1403 2254 1411 2274 :
1435 2242 1524 2273 culta

192 2287 300 2318 BACA
389 2289 409 2317 8
427 2288 520 2326 digiti
543 2288 573 2319 T
700 2288 804 2318 XXX
831 2299 843 2319 1
870 2287 1026 2319 causidici
1045 2292 1097 2318 set
1116 2291 1151 2317 ut
1167 2287 1229 2317 vid.
1248 2286 1306 2316 BA
1321 2287 1356 2325 (i.
1370 2296 1393 2317 e.
1415 2285 1456 2316 -is
1475 2290 1521 2321 et)

194 2330 314 2361 XXXI
339 2340 358 2369 5
383 2332 556 2370 alteraque
573 2330 602 2361 L
620 2335 695 2362 (mle
710 2342 788 2363 corr.
997 2341 1013 2370 7
1040 2330 1264 2370 epidipniclas
1283 2329 1332 2360 CA
1349 2330 1394 2369 (cl
1408 2333 1470 2368 pro
1488 2330 1522 2368 d)

194 2374 323 2413 parauit
343 2374 391 2405 CA
410 2375 444 2416 (ι’.
459 2386 483 2405 e.
503 2376 580 2411 -bit)
695 2376 714 2406 8
739 2375 888 2415 placidas
906 2374 986 2406 facit
1003 2374 1046 2414 pl.
1066 2374 1119 2404 BA
1138 2386 1145 2405 :
1169 2374 1248 2404 facit
1266 2373 1374 2404 fatuas
1390 2372 1432 2412 pl.
1455 2372 1503 2403 CA
1519 2384 1526 2402 :

193 2428 270 2449 corr.
290 2417 365 2450 Ital.
460 2428 495 2456 14
523 2418 625 2458 cybili
646 2417 695 2449 CA
