1684 2763
731 180 988 217 EPIGRAM
997 178 1197 218 MATON
1230 179 1332 216 LIB.
1366 179 1423 216 XI

94 294 195 330 hanc
225 291 264 329 in
294 289 443 341 piscina
472 288 582 328 dicor
610 288 774 327 futuisse
804 288 961 327 marina.

148 355 306 404 nescio3
344 354 535 405 piscinam
567 367 630 392 me
660 353 823 392 futuisse
853 361 959 404 puto.

591 470 715 507 XXII

96 551 235 591 Mollia
263 552 372 601 quod
402 550 504 589 nivei
534 551 633 589 duro
663 550 753 589 teris
783 564 850 590 ore
880 549 1036 589 Galaesi

150 616 267 664 basia,
299 617 407 666 quod
437 617 546 654 nudo
577 629 667 654 cum
699 617 931 665 Ganymede
961 615 1074 662 iaces,

95 682 236 732 —quis
275 689 389 730 negat
405 682 555 719 ?——hoc
600 680 814 719 nimiumst.
885 681 963 719 Sed
1012 680 1059 718 sit
1099 679 1216 728 sati53
1264 679 1427 730 inguina

256 748 393 785 saltem

149 825 265 862 parce
295 810 465 849 fututrici
496 810 702 849 sollicitare
733 824 862 849 manu.

96 876 246 915 levibus
276 876 315 914 in
345 876 475 926 pueris
505 878 592 926 plus
623 877 719 914 haec
749 890 868 926 quam
899 877 1074 914 mentula
1102 883 1240 926 peccat
1410 891 1425 922 5

150 949 188 980 et
217 941 365 980 faciunt
395 941 505 991 digiti
535 941 871 991 praecipitantque
900 941 1051 979 virum:

97 1007 189 1045 inde
219 1014 347 1057 tragus
378 1008 602 1056 celeresque
632 1006 699 1056 pili
730 1006 986 1056 mirandaque
1016 1005 1127 1044 matri

151 1071 274 1109 barba
302 1084 376 1108 nec
406 1070 444 1108 in
475 1072 578 1109 clara
607 1071 749 1108 balnea
778 1072 865 1109 luce
894 1072 1061 1121 placent.

100 1133 242 1173 Divisit
271 1141 408 1172 natura
438 1147 609 1172 marem:
644 1147 732 1184 pars
762 1147 840 1172 una
869 1133 1020 1184 puellis,

151 1212 230 1237 una
258 1197 347 1236 viris
376 1197 507 1248 genita
536 1206 604 1236 est.
663 1199 783 1236 Vtere
812 1205 920 1248 parte
950 1205 1027 1236 tua.
1393 1214 1429 1236 10

582 1313 728 1350 XXIII

99 1394 261 1433 Nubere
291 1393 369 1432 Sila
398 1393 494 1431 mihi
523 1395 630 1431 nulla
658 1407 739 1432 non
769 1395 852 1443 lege
881 1401 1014 1443 parata
1043 1401 1124 1441 est3

152 1460 223 1498 sed
253 1459 371 1497 Silam
402 1459 509 1496 nulla
538 1459 682 1496 ducere
711 1459 796 1508 lege
824 1460 925 1497 volo.

101 1524 204 1563 Cum
234 1531 366 1560 tamen
396 1522 566 1569 instaret,
601 1522 782 1561 ‘deciens
813 1523 908 1560 mihi
938 1522 1041 1561 dotis
1072 1523 1111 1560 in
1140 1536 1236 1561 auro

154 1601 299 1638 sponsa
328 1587 462 1625 dabis'
492 1587 571 1625 dixi
586 1602 595 1634 3
636 1587 755 1637 ‘quid
785 1588 914 1626 minus
944 1602 1028 1626 esse
1057 1590 1216 1638 potest?

100 1666 174 1691 nec
203 1653 353 1690 futuam
384 1652 562 1701 quamvis
591 1652 716 1702 prima
745 1660 783 1691 te
812 1661 929 1691 nocte
959 1653 1130 1700 maritus,
1412 1669 1429 1701 5

154 1716 377 1755 communis
407 1725 537 1754 tecum
568 1730 641 1755 nec
671 1716 767 1755 mihi
796 1719 919 1756 lectus
949 1718 1043 1766 erit,

103 1783 422 1832 complectarque
452 1795 592 1828 meam,
625 1795 699 1820 nec
729 1789 770 1820 tu
800 1782 1041 1832 prohibebis,
1073 1782 1253 1830 amicam,

154 1845 336 1884 ancillam
367 1845 497 1884 mittes
527 1854 564 1884 et
595 1846 691 1884 mihi
719 1846 824 1885 iussa
853 1855 973 1885 tuam,

103 1919 140 1949 te
169 1918 371 1960 spectante
401 1911 510 1949 dabit
539 1911 654 1949 nobis
684 1911 827 1950 lasciva
856 1912 1032 1951 minister

157 1975 275 2023 basia,
307 1975 387 2014 sive
417 1990 527 2014 meus
558 1976 638 2015 sive
667 1977 737 2015 erit
766 1977 831 2016 ille
861 1986 960 2016 tuus.
1395 1993 1433 2015 10

103 2041 153 2079 ad
182 2054 321 2079 cenam
352 2041 494 2088 venIes‚
527 2043 597 2080 sed
628 2041 683 2080 sic
713 2042 838 2081 divisa
866 2043 1072 2081 recumbes

157 2113 200 2144 ut
228 2119 308 2143 non
339 2113 546 2155 tangantur
574 2106 692 2156 pallia
721 2115 853 2145 nostra
883 2107 968 2146 tuis.

151 2220 185 2240 11
213 2211 318 2240 ducor
338 2210 368 2240 T
491 2222 540 2251 11,
564 2222 602 2242 12
625 2212 759 2243 saliisse
775 2213 834 2242 AA
852 2213 932 2254 (pro
948 2212 1103 2251 sutuiSse)
1121 2224 1127 2242 :
1152 2211 1255 2243 fuisse
1275 2211 1368 2252 (EAi
1388 2211 1437 2241 vel

105 2253 248 2284 futuisse
268 2253 315 2284 CA
579 2255 683 2286 XXII
707 2256 781 2287 hab.
803 2256 833 2286 T
915 2267 935 2295 3
952 2257 1092 2286 nimium
1112 2256 1190 2294 (om.
1212 2256 1278 2294 est)
1296 2254 1432 2285 AACA:

105 2297 243 2327 nimium
261 2302 313 2327 est
329 2297 384 2326 ΒΑ
449 2299 510 2328 sed
527 2298 664 2329 AABA:
689 2310 732 2330 ne
751 2299 800 2330 CA
887 2310 906 2338 4
930 2300 1068 2331 salitrici
1094 2299 1154 2328 ΑΑ
1173 2300 1252 2338 (pro
1270 2297 1431 2335 fututrici)

104 2349 124 2379 5
143 2340 269 2370 lusibus
286 2341 414 2379 inpuris
424 2342 483 2371 ΑΑ
529 2343 549 2371 6
568 2343 816 2382 praecipitante
831 2343 911 2377 (om.
926 2344 1007 2382 que)
1028 2342 1057 2372 T
1099 2353 1114 2381 7
1136 2348 1252 2381 tragos
1268 2341 1430 2380 AA,fort.

106 2387 182 2414 recte
249 2394 270 2422 9
288 2394 412 2414 marem
422 2385 500 2415 AA:
518 2390 655 2415 matrem
671 2389 707 2415 ut
718 2386 781 2416 vid.
799 2385 871 2416 BA:
890 2396 1002 2417 mares
1015 2385 1064 2416 CA
1178 2383 1299 2415 XXIII
1315 2384 1387 2414 hab.
1410 2383 1439 2413 T

105 2437 125 2465 4
150 2427 235 2457 dixit
248 2427 303 2457 BA
363 2429 450 2466 quod
468 2428 497 2458 T
573 2437 592 2467 5
612 2429 729 2459 saliam
743 2430 804 2458 ΑΛ
819 2429 902 2468 (pro
918 2429 1062 2467 futuam)
1143 2429 1163 2458 6
1182 2427 1369 2458 comminus
1385 2426 1434 2457 CA

105 2471 125 2500 8
143 2470 236 2500 mitte
250 2471 310 2500 sed
325 2470 385 2500 ΑΛ
402 2482 409 2501 :
434 2472 547 2502 mittes
558 2476 590 2502 et
601 2472 655 2502 BA
671 2484 678 2502 :
702 2472 814 2503 mittes
828 2473 888 2502 sed
902 2473 953 2503 CA
1040 2482 1076 2502 12
1094 2476 1250 2510 tangatur
1269 2470 1297 2501 T
1344 2471 1390 2500 tui
1409 2468 1440 2500 T

151 2534 257 2555 MART.
278 2535 330 2556 ΕΡ.
1304 2524 1344 2554 21
