1684 2763
532 161 714 198 INDEX
752 162 1220 202 EPIGRAMMATON

282 271 371 309 Quid
389 281 455 310 me,
471 271 566 311 Thai,
585 281 703 302 senem
720 272 864 304 subinde
881 273 986 305 dicis?
1035 273 1091 313 IV,
1112 283 1164 313 50.

281 314 372 353 Quid
389 325 519 345 mecum
537 320 588 346 est
604 316 663 346 tibi
678 318 689 348 ’ἔ
737 317 791 347 Me
808 317 920 356 puella
937 322 1048 348 sumat
1093 317 1186 356 XIV,
1203 318 1254 357 56.
1301 343 1303 345 ,

281 358 372 397 Quid
389 359 470 389 mihi
487 360 607 390 reddat
622 370 704 399 ager
719 361 864 400 quaeris,
886 361 981 401 Line,
1002 361 1261 393 Nomentanus?
1307 361 1350 401 II,
1377 362 1430 401 38.

281 402 371 440 Quid
387 402 468 432 mihi
484 403 658 433 vobiscum
675 409 737 443 est,
757 415 776 434 o
794 404 932 434 Phoebe
949 415 1138 444 novemque
1153 407 1310 437 sorores?
1358 405 1402 445 ΙΙ,
1422 416 1474 436 22.

281 446 371 484 Quid
390 451 504 477 narrat
520 451 577 477 tua
592 448 754 478 moecha?
800 447 877 478 Non
894 448 1041 487 puellam
1086 448 1147 488 111,
1166 450 1218 489 84.

282 489 371 528 Quid
390 490 497 529 nobis,
517 491 639 529 inquis,
659 501 734 521 cum
751 491 918 530 epistola?
964 490 1007 530 ΙΙ,
1022 493 1125 532 praes.

282 533 373 571 Quid
390 543 458 563 non
477 534 567 571 cogit
583 536 699 565 amor?
723 535 832 564 secuit
850 535 988 565 nolente
1005 535 1145 573 capillos
1188 534 1230 573 V,
1248 537 1298 574 48.

282 577 374 615 Quid
390 587 479 606 nunc
496 587 597 607 saeva
614 577 702 616 sugis
719 577 839 616 placidi
858 577 954 617 lepus
970 588 1028 608 ora
1045 579 1175 609 leonis?
1222 577 1246 619 Ι,
1267 589 1318 611 22.

282 620 372 658 Quid
391 625 534 658 pereunt
552 621 654 651 stulto
671 621 775 651 fortes
791 621 919 651 haltere
937 621 1073 652 lacerti?
1119 621 1211 661 XIV,
1230 633 1283 662 49,

282 663 371 702 Quid
390 664 607 702 promittebas
624 665 706 694 mihi
723 664 822 703 milia,
843 665 967 704 Gaure,
987 665 1132 695 ducenta
1178 666 1218 704 V,
1238 668 1291 699 82.

282 707 371 746 Quid
389 708 590 737 recitaturus
607 708 797 738 circumdas
811 708 938 738 vellera
956 708 1065 739 collo?
1106 707 1160 747 IV,
1175 720 1227 747 41.

285 750 393 789 ‘Quid
410 751 516 780 sentis
529 749 536 762 ³
553 751 665 790 inquis
685 752 746 781 ‘de
764 752 902 790 nostris,
923 751 1046 791 Marce,
1065 752 1208 784 libellis?
1222 753 1229 766 '
1274 753 1315 792 V,
1335 754 1389 792 63.

282 794 383 833 Quid,
403 794 516 833 stulte,
537 796 663 825 nostris
677 795 829 825 versibus
845 800 923 825 tuos
939 796 1084 827 misces?
1131 795 1173 836 X,
1197 806 1268 827 100.

282 838 369 876 Quid
389 842 431 873 te,
450 838 571 875 Tucca,
591 839 682 868 iuvat
698 839 813 869 vetulo
830 839 971 869 miscere
990 839 1133 870 Falerno
1180 839 1204 879 I,
1229 841 1275 870 18.

282 882 372 920 Quid
390 881 448 911 tibi
466 882 639 912 nobiscum
657 887 719 921 est,
738 883 807 912 ludi
824 883 990 913 scelerate
1008 883 1168 921 magister
1213 883 1273 923 IX,
1293 884 1345 915 68.

282 925 370 964 Quid
388 925 485 955 vellis
500 927 660 959 vetulum.
682 926 810 965 Ligeia,
832 928 1003 957 cunnum?
1050 926 1092 965 X,
1112 937 1166 966 90.

283 969 427 1008 Quidam
446 979 499 998 me
516 971 626 1008 modo,
649 970 748 1002 Rufe.
770 970 954 1008 diligenter
996 969 1054 1009 VI,
1074 971 1126 1001 82.

282 1012 456 1051 Quidquid
474 1013 542 1051 agit
560 1013 680 1052 Rufus,
700 1013 784 1043 nihil
803 1019 854 1043 est
871 1014 934 1043 nisi
954 1013 1081 1044 Naevia
1100 1013 1190 1044 Rufo
1236 1012 1261 1044 Ι.
1281 1013 1334 1043 68.

282 1056 455 1095 Quidquid
473 1057 506 1086 in
524 1056 665 1095 Orpheo
682 1057 851 1096 Rhodope
869 1064 1042 1096 spectasse
1061 1058 1194 1088 theatro
1238 1056 1298 1098 Ep.
1316 1065 1367 1087 21.

282 1100 456 1138 Quidquid
475 1100 656 1130 Parrhasia
673 1101 800 1130 nitebat
817 1100 894 1130 aula
940 1100 1018 1140 XII,
1042 1111 1088 1140 ¹5·

282 1143 455 1182 Quidquid
472 1144 608 1182 ponitur
624 1145 701 1174 hinc
719 1149 752 1174 et
769 1145 848 1174 inde
863 1145 971 1174 verris
1019 1144 1060 1177 11.
1080 1154 1132 1182 37.

283 1187 443 1226 Quinque
461 1188 542 1217 satis
559 1187 714 1220 fuerant:
741 1198 816 1217 narn
835 1198 895 1217 sex
913 1193 1086 1226 septemve
1102 1187 1204 1217 libelli
1248 1186 1342 1227 VIII,
1361 1197 1391 1226 3.

283 1231 410 1270 Quinte
427 1231 631 1261 Caledonios
648 1231 750 1261 Ovidi
767 1233 880 1261 visure
898 1231 1080 1261 Britannos
1129 1231 1172 1270 X,
1192 1242 1243 1269 44.

283 1274 504 1313 Quintiliane,
522 1284 628 1314 vagae
646 1275 840 1305 moderator
855 1285 985 1305 summe
1002 1275 1161 1305 iuventae
1207 1274 1250 1314 ΙΙ,
1269 1285 1322 1313 90.

284 1318 447 1357 Quintum
466 1328 527 1356 pro
547 1317 696 1355 Decimo,
716 1328 776 1357 pro
795 1318 930 1357 Crasso,
953 1318 1094 1357 Regule,
1117 1318 1269 1348 Macrum
1315 1317 1354 1357 V,
1374 1327 1425 1348 21.

283 1362 432 1400 Quintus
449 1366 641 1391 nostrorum
659 1362 742 1392 liber
758 1367 819 1399 est,
838 1361 1004 1401 Auguste,
1025 1363 1175 1391 iocorum
1218 1360 1257 1399 V,
1281 1371 1327 1400 15.

283 1405 369 1444 Quis
385 1405 478 1435 labor
493 1405 526 1435 in
544 1406 678 1444 phiala?
703 1406 792 1435 docti
814 1405 912 1444 Myos
929 1416 1017 1435 anne
1036 1405 1222 1444 Myronos?
1261 1404 1354 1445 VIII,
1374 1414 1425 1444 50.

284 1449 370 1487 Quis
389 1448 562 1479 Palatinos
579 1449 729 1480 imitatur
747 1449 891 1487 imagine
909 1449 1023 1479 vultus
1068 1448 1128 1489 IX,
1150 1459 1200 1487 24.

283 1493 369 1531 Quis
387 1503 471 1531 puer
487 1493 540 1522 hic
558 1493 672 1523 nitidis
689 1493 819 1523 absistit
838 1492 1014 1523 Ianthidos
1032 1492 1152 1523 undis?
1189 1492 1265 1532 VII,
1289 1502 1338 1531 15.

283 1536 379 1575 Quis,
401 1547 494 1575 rogo,
515 1540 582 1566 tarn
599 1538 714 1576 durus,
734 1537 809 1575 quis
825 1542 892 1566 tam
909 1536 969 1567 suit
987 1536 1041 1566 ille
1059 1536 1227 1575 superbus
1272 1536 1314 1575 X,
1334 1536 1386 1566 66.

284 1579 370 1618 Quis
388 1585 420 1610 te
441 1580 601 1610 Phidiaco
619 1580 807 1619 formatam,
831 1580 924 1619 Iulia,
946 1580 1040 1610 caelo
1084 1579 1142 1620 Vl,
1166 1590 1216 1618 13.

284 1622 370 1662 Quis
388 1623 445 1654 tibi
463 1625 631 1662 persuasit
649 1634 749 1654 nares
765 1624 940 1654 abscidere
956 1623 1123 1655 moecho?
1170 1623 1231 1663 ΙΙΙ,
1251 1624 1303 1662 85.

284 1667 449 1706 Quisquis
468 1667 663 1697 Flaminiam
682 1668 774 1706 teris,
795 1668 903 1697 viator
949 1667 1010 1707 XI,
1035 1677 1082 1705 13.

284 1711 448 1750 Quisquis
465 1711 553 1741 laeta
571 1712 638 1741 tuis
655 1716 688 1741 et
704 1721 781 1741 sera
798 1711 997 1750 parentibus
1013 1716 1112 1750 optas
1157 1710 1200 1750 X,
1222 1719 1270 1749 71.

284 1754 448 1793 Quisquis
465 1755 614 1785 stolaeve
633 1765 846 1794 purpuraeve
865 1760 1080 1793 contemptor
1125 1754 1168 1794 X,
1189 1763 1222 1793 5.

285 1798 361 1837 Quo
379 1798 485 1837 possit
503 1799 574 1828 fieri
590 1799 700 1837 modo,
721 1798 850 1828 Severe
894 1797 968 1834 VII,
988 1807 1039 1836 34.

285 1842 362 1880 Quo
380 1846 426 1879 tu,
446 1852 523 1880 quo,
543 1842 630 1871 liber
646 1842 766 1880 otiose,
786 1842 898 1871 tendis
943 1841 1003 1880 XI,
1027 1852 1055 1872 1.

284 1886 363 1924 Quo
378 1886 430 1914 vis
446 1896 589 1924 cumque
607 1885 681 1915 loco
696 1890 794 1924 potes
813 1885 901 1915 hunc
918 1885 1016 1914 finire
1033 1884 1179 1915 libellum
1225 1884 1317 1925 XIV,
1336 1895 1366 1914 2.

285 1929 385 1968 Quod
403 1928 504 1967 alpha
522 1929 602 1967 dixi,
624 1928 746 1964 Corde,
767 1928 1027 1967 paenulatorum
1073 1928 1112 1967 V,
1133 1929 1183 1959 26.

285 1972 385 2011 Quod
403 1972 567 2002 Caietano
585 1973 710 2011 reddis,
733 1971 967 2010 Polycharme,
988 1971 1130 2001 tabellas
1175 1971 1268 2006 VIH,
1288 1982 1341 2011 37.

286 2016 384 2055 Quod
402 2016 525 2045 clamas
542 2026 687 2055 semper,
707 2016 797 2055 quod
815 2015 994 2054 agentibus
1011 2015 1188 2054 obstrepis,
1208 2016 1286 2046 Aeli
1333 2015 1358 2054 Ι,
1377 2024 1432 2054 95.

284 2060 384 2098 Quod
402 2059 591 2089 convivaris
607 2060 682 2089 sine
699 2069 752 2089 me
769 2064 835 2089 tam
853 2069 967 2098 saepe,
989 2059 1141 2097 Luperce
1186 2059 1243 2097 VI,
1263 2069 1316 2098 51.

285 2104 385 2142 Quod
403 2103 498 2141 cupis
516 2104 548 2133 in
567 2103 692 2133 nostris
709 2102 840 2141 dicique
857 2103 992 2141 legique
1010 2102 1133 2132 libellis
1179 2102 1234 2137 IV,
1253 2112 1306 2140 31.

286 2147 385 2186 Quod
402 2145 498 2176 sellas
514 2151 547 2177 et
564 2157 685 2185 aquam
703 2151 810 2185 potas,
833 2146 889 2185 nil,
910 2146 1042 2181 Lesbia,
1065 2156 1184 2184 peccas
1229 2145 1273 2185 ΙΙ,
1294 2156 1346 2185 5ο.

285 2191 386 2229 Quod
406 2190 525 2220 Flacco
541 2189 713 2229 Varioque
730 2189 792 2219 suit
809 2199 1008 2228 summoque
1027 2189 1157 2219 Maroni
1204 2189 1283 2230 XII,
1303 2200 1334 2229 3.

284 2235 383 2273 Quod
400 2233 510 2264 fronte
528 2233 655 2263 Selium
673 2233 786 2263 nubila
802 2233 907 2271 vides,
930 2232 1019 2262 Rufe
1068 2232 1109 2272 II,
1132 2243 1180 2263 11.

285 2278 385 2317 Quod
403 2278 481 2307 lana
497 2282 596 2315 caput
614 2277 740 2315 alligas,
762 2277 909 2306 Charine
956 2276 1035 2316 XII,
1054 2277 1106 2315 89.

285 2322 383 2360 Quod
401 2321 515 2359 magni
531 2320 703 2350 Thraseae
721 2320 1012 2359 consummatique
1029 2319 1170 2350 Catonis
1216 2320 1241 2360 I,
1261 2322 1290 2353 8.

285 2366 384 2404 Quod
403 2365 485 2394 mihi
501 2365 558 2394 vix
574 2374 662 2394 unus
678 2369 751 2394 toto
770 2363 855 2394 liber
871 2369 971 2394 exeat
987 2374 1077 2394 anno
1124 2364 1167 2404 X,
1189 2374 1239 2403 70.

285 2409 384 2447 Quod
402 2408 558 2438 minimos
575 2407 695 2447 cernis,
716 2407 801 2438 mitti
819 2417 882 2437 nos
898 2408 1009 2437 credis
1025 2407 1150 2438 amicae
1197 2406 1287 2447 XIV,
1307 2417 1339 2446 9.

285 2453 386 2491 Quod
404 2462 466 2482 nec
481 2451 631 2482 carmine
646 2451 773 2491 glorior
789 2451 911 2490 supino
958 2450 1000 2490 II,
1020 2452 1072 2482 86.
