1684 2763
221 141 273 176 M.
305 142 427 178 VAL.
460 142 771 179 MARTIALIS

220 266 291 290 nec
321 261 437 302 caput
467 253 529 291 hic
558 255 696 291 vellem
728 254 782 291 sic
811 261 859 299 te,
893 253 1139 300 Charideme,
1171 255 1307 291 lavare.

219 327 255 355 et
286 326 402 367 caput
432 332 523 356 ecce
552 320 681 356 lavas:
721 318 881 368 inguina
910 319 1013 356 rnalo
1042 320 1155 356 laves.

680 429 874 465 LXXXII

330 509 501 557 Quidam
534 523 595 547 me
626 511 757 556 modo,
791 511 903 555 Rufe,
936 509 1140 559 diligenter

330 574 561 623 inspectum,
592 576 696 612 velut
726 582 879 623 emptor
906 582 972 611 aut
1002 574 1151 620 lanista,

330 652 419 676 cum
450 640 556 676 vultu
587 638 788 688 digitoque
818 639 1078 684 subnotasset‚

334 705 471 740 ‘Tune
501 716 552 749 es,
585 705 699 740 tune'
728 703 781 740 ait
813 702 901 741 ‘ille
932 702 1133 750 Martialis,

331 767 440 805 cuius
471 767 663 817 nequitias
693 768 879 817 iocosque
910 768 1017 806 novit
1528 784 1544 813 5

331 846 463 870 aurem
494 832 560 881 qui
590 834 710 870 modo
741 846 819 869 non
850 833 968 870 habet
1000 834 1239 870 Batavam?'

333 897 479 935 Subrisi
510 898 676 943 modice,
708 897 860 946 levique
890 905 987 935 nutu

335 975 395 999 me
425 976 542 1011 quem
573 962 719 1000 dixerat
749 976 832 1000 esse
862 976 941 1000 non
971 961 1118 1011 negavi.

336 1028 441 1065 ‘Cur
470 1028 582 1076 ergo'
611 1026 739 1076 inquis
773 1027 914 1065 ‘habes
945 1029 1064 1064 malas
1094 1027 1322 1064 lacernas?'

338 1091 564 1141 Respondi:
595 1094 604 1110 ζ
623 1091 713 1140 quia
743 1105 829 1129 sum
861 1093 984 1129 malus
1015 1093 1154 1141 poeta.⁷
1512 1106 1550 1126 10

338 1158 428 1193 Hoc
459 1170 507 1193 ne
537 1156 689 1205 saepius
718 1156 870 1194 accidat
900 1164 1052 1206 poetae,

338 1220 477 1267 mittas,
511 1222 623 1267 Rufe,
657 1221 751 1258 mihi
782 1221 905 1259 bonas
936 1223 1119 1258 lacernas.

672 1341 891 1377 LXXXIII

232 1428 434 1469 Quantum
465 1421 630 1459 sollicito
661 1423 813 1459 fortuna
844 1422 1012 1471 parentis
1044 1424 1219 1468 Etrusco,

285 1495 448 1532 tantum,
480 1500 632 1524 summe
654 1488 811 1533 ducum,
844 1487 962 1525 debet
992 1494 1154 1535 uterque
1185 1486 1264 1524 tibi.

233 1564 321 1588 nam
353 1559 393 1588 tu
424 1551 541 1588 missa
570 1559 635 1589 tua
663 1551 850 1589 revocasti
880 1551 1044 1589 fulmina
1072 1553 1229 1589 dextra:

287 1618 357 1653 lios
388 1629 570 1665 cuperem
602 1630 727 1654 mores
757 1616 911 1665 ignibus
941 1630 1025 1654 esse
1056 1616 1185 1662 Iovis3

234 1681 262 1717 si
295 1689 359 1718 tua
389 1680 436 1717 sit
466 1694 631 1727 sununo,
665 1682 818 1727 Caesar,
851 1689 985 1718 natura
1016 1680 1200 1726 Tonanti,
1538 1696 1554 1725 5

289 1753 416 1782 utetur
446 1753 528 1782 toto
558 1745 720 1783 fulmine
750 1759 831 1782 rara
861 1759 1009 1782 manus.

236 1809 406 1847 muneris
436 1810 511 1846 hoc
541 1817 748 1858 utrumque
778 1809 832 1846 tui
863 1817 1023 1846 testatur
1053 1811 1249 1855 Etruscus,

289 1887 373 1912 esse
403 1875 510 1922 quod
540 1881 577 1910 et
607 1873 739 1911 comiti
768 1874 930 1923 contigit
960 1881 996 1911 et
1026 1873 1169 1911 reduci.

682 1997 895 2032 LXXXIV

238 2077 465 2125 Octaphoro
494 2090 610 2114 sanus
640 2085 826 2126 portatur,
856 2077 980 2123 Avste,
1013 2076 1226 2126 Philippus.

292 2142 397 2178 hunc
427 2149 467 2178 tu
497 2141 529 2178 si
558 2155 696 2178 sanum
727 2142 862 2188 credis,
895 2142 1019 2187 Avite‚
1053 2142 1155 2179 furis.

286 2244 451 2273 LXXXII
477 2254 496 2273 2
521 2244 696 2282 inspector
710 2243 787 2273 BA:
810 2244 998 2282 inspectum
1017 2243 1066 2273 CA
1154 2253 1172 2281 5
1196 2243 1323 2274 notauit
1344 2244 1387 2273 CA
1410 2243 1458 2282 cf.
1479 2253 1506 2274 υ.
1525 2243 1557 2280 3ἶ

237 2289 258 2318 6
282 2288 426 2317 habebat
442 2297 538 2316 auam
556 2287 608 2316 ΒΑ
775 2297 812 2316 12
837 2287 915 2316 mihi
934 2287 1006 2317 ruse
1022 2287 1075 2316 ΒΑ

286 2330 468 2360 LXXXIII
496 2340 514 2368 5
537 2331 581 2360 sit
599 2335 618 2360 t.
639 2330 708 2360 AF
769 2340 896 2360 summa
916 2330 962 2359 CA
982 2334 1017 2360 ut
1031 2329 1096 2360 vid.
1231 2339 1246 2367 7
1271 2334 1425 2360 etruscos
1440 2328 1491 2358 BA

285 2374 465 2404 LXXXIV
489 2373 560 2403 hal).
586 2373 644 2403 TR
667 2384 676 2404 1
698 2374 800 2414 Phil.]
819 2373 998 2404 libellusR
1086 2384 1104 2403 2
1129 2373 1234 2404 amice
1247 2374 1323 2402 AIA:
1349 2372 1437 2402 auite
1455 2371 1558 2402 BACA
