1684 2763
209 140 262 175 M.
300 138 417 175 VAL.
452 137 765 175 MARTIALIS

204 252 272 288 sed
304 252 385 288 duo
415 258 506 288 sunt
535 263 636 300 quae
666 263 738 289 nos
768 249 999 300 disiungunt
1029 250 1135 288 milia
1164 265 1351 300 passum:

257 324 443 366 quattuor
471 317 569 355 haec
599 317 708 363 fiunt,
740 329 831 354 cum
861 315 1054 354 rediturus
1084 330 1185 355 eam.

203 396 320 432 sac-pe
349 381 460 421 domi
490 395 570 420 non
601 395 654 429 es,
686 395 777 420 cum
807 381 858 419 sis
888 395 1058 432 quoque,
1091 396 1209 433 saepe
1240 382 1414 433 negaris:
1518 401 1534 430 5

258 450 315 486 vel
348 456 501 486 tantum
531 447 660 486 causis
690 449 749 486 vel
780 446 851 485 tibi
882 461 999 497 saepe
1029 461 1157 486 vacas.

203 524 238 551 tc
270 523 400 552 tamen
432 522 473 552 ut
503 513 669 560 videam,
703 515 784 552 duo
815 513 921 551 milia
950 527 1030 551 non
1060 512 1164 564 piget
1196 513 1273 561 ire;

256 589 295 616 ut
328 588 364 617 te
395 593 474 617 non
504 579 673 626 videam,
705 586 890 629 quattuor
919 577 973 616 ire
1003 578 1119 628 piget.

730 685 787 721 VI

312 763 324 799 l
358 774 474 807 nunc,
507 762 624 799 edere
655 774 717 798 me
747 760 838 798 iube
868 759 1031 798 libellos.

308 826 417 864 lectis
447 826 508 864 vix
539 825 608 864 tibi
638 825 790 876 paginis
819 826 975 864 duabus

306 900 460 941 spectas
490 890 813 939 eschatocollffin,
846 893 998 938 Severe,

306 967 343 995 et
374 959 510 1007 longas
540 957 658 995 trahis
688 956 955 995 oscitationes..

311 1024 420 1060 Haec
451 1031 555 1069 sunt,
584 1036 686 1072 quae
716 1023 912 1071 relegente
943 1035 1005 1059 me
1035 1022 1190 1059 solebas
1513 1039 1529 1069 5

307 1096 414 1138 rapta
444 1088 672 1134 exscribere,
705 1088 775 1125 sed
806 1086 1038 1133 Vitellianis,

306 1155 401 1192 haec
431 1161 532 1199 sunt,
565 1152 717 1202 singula
746 1166 848 1202 quae
878 1151 964 1189 sinu
995 1151 1146 1190 ferebas

305 1232 371 1267 per
400 1217 580 1256 convivia
609 1226 762 1264 cuncta,
792 1231 860 1267 per
889 1218 1048 1262 theatra,

305 1285 400 1322 haec
432 1292 521 1321 sunt
551 1292 617 1321 aut
649 1283 809 1321 meliora
840 1282 870 1320 si
901 1296 979 1332 qua
1009 1281 1149 1320 nescis.

303 1349 412 1397 Quid
442 1350 602 1399 prodest
633 1348 727 1386 mihi
759 1357 838 1386 tam
870 1362 999 1386 macer
1029 1347 1194 1391 libellus,
1491 1364 1529 1385 ιο

303 1416 411 1452 nullo
441 1414 605 1452 crassior
635 1422 676 1451 ut
706 1413 753 1451 sit
785 1413 985 1460 umbilico,

301 1480 331 1517 si
363 1489 466 1517 totus
497 1479 565 1517 tibi
596 1479 726 1517 triduo
755 1480 935 1528 legatur?

302 1558 518 1595 numquam
548 1544 714 1583 deliciae
743 1543 974 1594 supiniore-S.

301 1612 424 1648 lassus
453 1618 532 1648 tam
563 1611 641 1647 cito
671 1609 807 1648 deficis
837 1609 970 1655 viator,

300 1685 337 1713 et
368 1689 458 1713 cum
489 1688 640 1713 currere
671 1675 817 1713 debeas
850 1674 1030 1720 Bovillas,
1490 1691 1523 1720 ¹5

301 1739 560 1789 interiungere
590 1739 743 1789 quaeris
773 1740 824 1777 ad
855 1741 1082 1778 Camenas?

305 1807 315 1842 l
351 1818 467 1851 nunc,
499 1805 614 1843 edere
645 1818 708 1842 me
738 1803 829 1842 iube
859 1803 1023 1841 libellos.

703 1909 784 1945 VII

197 1987 402 2023 Declamas
433 1986 545 2031 belle,
577 1998 714 2023 causas
743 1985 834 2034 agis,
868 1984 1010 2031 Attice,
1044 1984 1153 2030 belle,

245 2050 424 2089 historias
454 2051 587 2097 bellas,
619 2050 793 2088 carmina
823 2051 925 2088 bella
955 2050 1063 2097 sacis,

189 2115 396 2169 compenis
427 2116 528 2153 belle
558 2115 711 2162 mimos,
744 2115 1025 2165 epigrammata
1055 2115 1167 2159 belle,

244 2183 368 2219 bellus
398 2180 687 2231 grammaticuS,
720 2181 846 2219 bellus
876 2194 916 2218 es
946 2182 1176 2230 astrologUS,

232 2286 258 2314 V
284 2295 303 2323 3
328 2285 524 2324 disiungunt
542 2284 600 2313 ΑΛ
617 2296 623 2314 ;
648 2284 836 2322 distingunt
855 2283 1006 2324 (guum)
1023 2283 1131 2313 ΒΑΕΔ

232 2328 277 2359 VI
303 2338 322 2358 2
334 2333 407 2368 post
423 2339 449 2359 v.
471 2338 490 2367 3
507 2328 561 2358 BA
657 2328 677 2356 6
700 2328 850 2358 scribere
869 2326 919 2357 CA
936 2328 1015 2367 (pro
1032 2326 1209 2365 escribere‚
1230 2327 1248 2357 ι’,
1263 2336 1286 2355 e.
1308 2326 1518 2359 exscribere>

191 2383 227 2411 14
253 2372 366 2402 deficit
387 2372 435 2402 CA
596 2371 660 2401 Vll
687 2381 738 2401 vv.
760 2380 829 2409 1—5‚
849 2371 869 2399 8
893 2369 966 2402 hab.
987 2370 1019 2400 R
1155 2379 1167 2399 1
1194 2370 1293 2399 attice
1313 2369 1393 2400 AA:
1417 2371 1518 2400 attale

190 2416 294 2446 ΙίΛζἊ
314 2416 355 2456 (ct
371 2416 404 2446 in
421 2416 530 2446 lemm.
551 2424 597 2444 AD
615 2424 773 2444 ΑΤΓΑινΜ
793 2413 917 2455 BACA)
