1684 2763
263 151 318 187 M.
350 150 472 186 VAL.
505 147 818 185 MARTIALIS

262 263 333 298 hos
363 259 416 297 illi
446 259 594 297 amicos
624 266 662 296 et
690 270 825 307 greges
855 264 1077 306 togatorum

268 325 515 363 Fuficulenus
546 330 715 373 praestat
745 330 782 360 et
814 320 1064 359 Faventinus.

748 422 898 458 LXXV

268 495 438 533 Verbera
468 492 593 531 securi
623 491 759 529 solitus
789 493 851 529 leo
880 492 978 529 ferre
1008 489 1179 540 magistri

319 559 582 606 insertamque
612 556 691 607 pati
722 557 890 594 blandus
920 556 959 593 in
989 569 1056 594 ora
1086 568 1245 592 manum

266 623 457 662 dedidicit
487 636 625 672 pacem
657 621 788 659 subito
818 621 968 659 feritate
997 633 1161 666 reversa,

321 696 467 738 quanta
496 702 568 726 nec
599 687 638 724 in
669 685 826 735 Libycis
855 685 992 724 debuit
1021 698 1106 723 esse
1135 683 1244 734 iugiS.

268 767 357 791 nam
389 754 469 791 duo
499 754 549 790 de
579 760 711 789 tenera
741 750 903 800 puerilia
931 763 1095 800 corpora
1125 749 1249 795 turba,
1578 764 1595 793 5

322 818 575 868 sanguineam
607 815 735 854 rastris
764 829 865 865 quae
895 815 1108 853 renovabat
1138 815 1315 859 humum,

270 898 405 922 saevos
436 892 472 920 ct
503 882 634 920 infelix
665 880 787 919 furiali
818 882 936 918 dente
967 878 1154 930 peremit:

328 947 468 986 Martia
499 961 578 984 non
609 946 703 984 vidit
735 945 859 982 maius
889 946 1035 982 harena
1064 945 1183 982 nefas.

277 1016 501 1052 Exclamare
531 1013 650 1050 libet:
694 1010 893 1056 ‘crudelis‚
926 1010 1084 1059 perfide,
1117 1009 1275 1058 praedo,

325 1094 346 1116 a
378 1087 508 1116 nostra
538 1077 666 1127 pueris
697 1089 854 1126 parcere
884 1075 991 1113 disce
1022 1075 1161 1123 lupal'
1564 1087 1602 1109 10

740 1175 911 1211 LXXVI

277 1245 434 1296 Argenti
467 1246 582 1283 libras
616 1243 764 1281 Marius
794 1242 864 1281 tibi
893 1242 1069 1291 quinque
1100 1240 1265 1290 reliquit,

329 1311 390 1349 cui
423 1310 516 1348 nihil
548 1309 631 1359 ipse
660 1309 811 1347 dabas:
852 1307 915 1345 hic
946 1306 1015 1344 tibi
1046 1307 1163 1344 verba
1193 1305 1334 1343 dedit?

735 1407 931 1444 LXXVII

278 1491 461 1537 (esconi,
495 1490 560 1540 qui
593 1491 707 1538 longa
738 1496 850 1537 putas
880 1487 1161 1537 epigrammata
1191 1496 1333 1531 nostra,

332 1556 434 1594 utilis
466 1554 687 1605 unguendis
716 1553 853 1591 axibus
884 1566 968 1590 esse
998 1560 1121 1602 potes.

280 1624 351 1659 liae
382 1629 422 1659 tu
452 1618 663 1658 credideris
695 1620 855 1667 longum
886 1617 1035 1655 ratione
1065 1618 1247 1654 colosson

333 1695 369 1724 et
401 1699 564 1735 puerum
598 1683 705 1721 Bruti
736 1682 877 1721 dixeris
908 1695 993 1720 esse
1024 1682 1193 1719 brevem.

279 1752 387 1789 disce
417 1751 525 1799 quod
556 1749 736 1798 ignoras:
779 1746 898 1784 Marsi
928 1746 1116 1795 doctique
1147 1743 1318 1783 Pedonis
1591 1759 1608 1789 5

335 1828 450 1864 saepe
481 1815 626 1863 duplex
656 1826 778 1850 unum
810 1811 951 1861 pagina
981 1818 1117 1848 tractat
1147 1823 1257 1859 opus,

283 1895 361 1918 non
393 1887 482 1918 sunt
512 1881 627 1928 longa
657 1877 800 1927 quihus
831 1875 926 1913 nihil
957 1884 1015 1913 est
1045 1875 1153 1924 quod
1185 1875 1342 1911 demere
1374 1871 1511 1921 pos-sifi,

338 1947 404 1983 sed
437 1953 487 1991 tu,
521 1942 706 1989 Cosconi,
738 1941 906 1980 disticha
936 1942 1052 1990 longa
1081 1939 1186 1977 facis.

734 2040 953 2077 LXXVIII

289 2113 446 2152 Aestivo
476 2126 604 2150 serves
635 2111 701 2149 uhi
732 2110 879 2160 piscem
911 2117 1098 2159 tempore,
1130 2107 1314 2157 quaeris?

343 2179 387 2214 In
419 2176 579 2214 thermis
609 2189 728 2222 serva,
762 2174 996 2219 Caeciliane,
1029 2173 1114 2211 tuis.

333 2279 462 2310 LXXV
485 2278 557 2309 hab.
585 2279 614 2309 T

334 2322 478 2353 LXXVI
503 2322 575 2352 hab.
603 2321 633 2351 T
763 2331 773 2350 1
805 2320 964 2358 relinquit
986 2320 1016 2350 T
1145 2329 1163 2348 2
1188 2328 1259 2347 curn
1285 2316 1313 2346 T
1396 2316 1495 2345 dabat
1515 2316 1563 2345 CA

334 2365 496 2397 LXXVII
522 2365 594 2395 hab.
617 2364 646 2394 T
773 2374 791 2393 2
817 2363 978 2401 urgendis
993 2362 1067 2393 Ital.
1185 2372 1205 2400 5
1229 2360 1338 2400 disce]
1358 2360 1408 2390 dis
1432 2359 1460 2388 T

333 2408 513 2440 LXXVIII
536 2408 608 2438 lmb.
633 2407 664 2436 R
1291 2400 1301 2409 ⁹
