1684 2715
780 113 1039 153 EPIGRAM
1047 114 1249 152 MATON
1282 114 1334 151 LI
1343 114 1384 150 B.
1422 114 1435 150 l

600 226 736 262 LXIX

209 295 362 345 Coepit,
397 295 585 343 Maxime,
616 298 724 334 Pana
753 295 820 345 qui
850 296 1013 342 solebat,

209 374 314 398 nunc
344 362 554 399 ostendere
584 361 755 401 Canium
786 363 992 400 Tarentos.

606 462 717 498 LXX

102 531 213 569 Vade
243 532 454 569 salutatum
486 544 556 580 pro
587 545 661 578 me,
694 531 818 570 liber:
857 531 911 570 ire
941 531 1086 571 iuberis

153 597 204 634 ad
235 595 391 634 Proculi
421 595 580 643 nitidos,
612 596 797 644 officiose,
829 599 938 636 lareS.

101 661 268 710 Quaeris
298 661 380 708 iter,
412 661 554 718 dicam.
615 662 802 701 Vicinum
835 664 1000 710 Castora
1028 676 1152 701 canae

154 727 336 766 transibis
367 730 513 766 Vestae
543 727 839 778 virgineamque
869 730 1034 767 domurn
1051 743 1060 776 3

101 794 192 831 inde
223 806 333 831 sacro
364 794 588 831 veneranda
618 801 727 843 petes
759 793 908 848 Palatia
937 793 1051 843 clivo,

136 855 321 909 ¹plurima
351 872 430 908 qua
459 846 604 896 summi
634 860 756 909 fulget
786 858 917 909 imago
947 858 1070 897 ducis.

101 936 173 961 nec
204 932 241 962 te
271 924 446 973 detineat
477 923 562 961 miri
593 924 742 977 radiata
772 924 915 973 colossi

155 1003 256 1039 quae
287 989 493 1028 Rhodium
524 978 648 1028 moles
679 989 836 1028 vincere
865 991 1011 1040 gaudet
1041 1003 1151 1039 opus.

101 1057 214 1093 flecte
244 1054 325 1093 vias
355 1048 429 1092 hac
460 1068 538 1105 qua
568 1043 717 1093 *madidi
748 1062 839 1092 sunt
869 1062 973 1093 tecta
1003 1054 1123 1104 Lyaei

154 1123 199 1158 et'
222 1116 392 1170 Cyb‘eles
421 1117 635 1170 pict'o'stat
666 1120 893 1169 Corybante
923 1108 1066 1159 tholus.
1405 1136 1440 1155 10

102 1185 279 1234 protinus
309 1199 331 1223 a
361 1187 471 1224 laeva
500 1186 591 1224 clari
610 1176 693 1224 tibi
723 1187 851 1224 fronte
882 1188 1050 1224 Penates

154 1250 330 1306 atriaque
360 1252 537 1289 excelsae
567 1259 658 1289 sunt
687 1252 874 1289 adeunda
903 1252 1058 1289 domus.

102 1318 203 1354 hanc
234 1324 349 1366 pete:
389 1330 439 1354 ne
470 1324 623 1355 metuas
653 1318 775 1354 fastus
806 1316 1008 1366 limenque
1037 1316 1276 1366 superbum:

156 1383 262 1420 nulla
292 1381 414 1432 magis
445 1390 529 1420 toto
559 1381 676 1420 ianua
705 1389 818 1432 poste
849 1389 966 1432 patet,

102 1461 174 1485 nec
204 1447 362 1496 propior
392 1460 510 1496 quam
544 1448 731 1486 Phoebus
760 1455 866 1485 amet
896 1448 1119 1496 doctaeque
1150 1459 1312 1484 sorores.
1403 1461 1436 1491 15

156 1512 186 1550 si
216 1512 321 1551 dicet
354 1514 510 1561 ‘Quare
540 1527 621 1550 non
652 1520 785 1551 tamen
815 1512 899 1562 ipse
928 1512 1087 1550 venit?'

102 1584 156 1622 sic
187 1583 277 1622 licet
307 1597 489 1622 excusses
523 1583 651 1632 ‘Quia
681 1583 986 1634 qualiacumque
1016 1585 1197 1633 leguntur

157 1655 238 1702 ista,
272 1656 460 1693 salutator
490 1654 659 1693 scribere
690 1668 770 1692 non
801 1654 953 1704 potuit.'

591 1755 725 1792 LXXI

106 1825 248 1864 Laevia
277 1819 343 1863 sex
373 1824 535 1874 cyathis,
567 1832 719 1874 septem
752 1824 905 1862 Iustina
934 1824 1101 1871 bibatur,

157 1890 333 1940 quinque
364 1892 500 1940 Lycas,
533 1891 644 1940 Lyde
674 1898 871 1940 quattuor,
904 1891 977 1928 Ida
1007 1889 1141 1927 tribus.

104 1953 232 1991 omnis
261 1954 312 1991 ab
343 1952 473 1991 infuso
504 1960 732 1991 numeretur
760 1952 888 1991 amica
918 1954 1099 1999 Falerno,

158 2027 195 2056 et
225 2018 318 2068 quia
347 2020 455 2056 nulla
484 2018 600 2065 venit,
634 2026 674 2056 tu
706 2018 814 2065 mihi,
846 2019 1004 2064 Somne,
1037 2015 1137 2055 veni.

149 2122 261 2152 LXIX
290 2132 303 2152 1
330 2122 475 2152 maxima
491 2121 547 2151 ΒΑ
634 2121 691 2160 qui
708 2121 754 2152 ed.
775 2132 807 2153 a.
830 2131 932 2160 1473:
958 2131 1046 2160 quae
1064 2121 1158 2160 (que)
1178 2118 1264 2150 codd.

151 2166 246 2196 LXX
271 2176 322 2198 vv.
344 2167 427 2196 1-16
450 2166 523 2196 lmb.
557 2166 590 2204 T,
611 2177 663 2196 vv.
684 2176 743 2195 1—2
760 2165 793 2195 R
886 2175 898 2194 1
926 2164 1045 2203 procul
1060 2164 1115 2194 ΒΑ
1217 2174 1236 2201 4
1261 2167 1374 2192 nestas
1394 2161 1444 2191 CA

104 2220 122 2248 5
148 2211 345 2240 uenerando
365 2210 413 2240 CA
461 2209 585 2249 palatio
605 2210 655 2240 CA
671 2213 709 2239 ut
723 2209 787 2240 vid.
807 2210 856 2247 (-o
872 2207 948 2248 EX,
970 2219 1002 2238 -a
1019 2207 1132 2241 ΑΒΕ)
1246 2216 1262 2244 7
1288 2206 1370 2236 miro
1388 2204 1443 2233 EA

105 2253 227 2283 coloris
249 2253 278 2284 T
395 2264 415 2292 9
439 2254 523 2284 haec
546 2253 575 2283 T
692 2263 732 2283 10
754 2258 848 2283 torus
866 2253 945 2283 AA:
972 2252 1086 2282 tholus
1103 2250 1213 2281 BACA
1336 2259 1373 2287 13
1399 2258 1441 2277 ne

105 2296 237 2327 AABA:
264 2307 326 2327 nec
346 2297 395 2327 CA
495 2297 679 2336 lumenque
702 2297 731 2327 T
923 2305 960 2334 15
986 2296 1097 2334 potior
1112 2294 1195 2324 AA:
1219 2293 1375 2333 proprior
1394 2290 1442 2321 CA

104 2350 203 2378 quam
228 2350 294 2371 om.
323 2340 352 2370 T
451 2345 540 2370 amat
556 2340 612 2369 ΒΑ
762 2350 797 2378 17
824 2340 872 2370 sic
896 2339 972 2370 BA:
997 2339 1023 2369 si
1045 2338 1094 2368 CA
1112 2341 1147 2368 ut
1161 2337 1226 2368 vid.

151 2383 263 2413 LXXI
294 2394 305 2413 1
333 2384 467 2423 quathis
488 2384 537 2414 CA
562 2389 637 2423 <pro
661 2383 820 2423 quiathis,
845 2383 897 2415 zze.
923 2383 1070 2423 cyathis)
1225 2391 1243 2410 2
1268 2379 1351 2419 lycis
1368 2377 1440 2407 EA:

106 2427 199 2465 lycas
218 2426 266 2457 CA
398 2438 418 2467 3
441 2428 549 2459 effuso
566 2426 643 2458 BA:
667 2427 777 2458 infuso
796 2426 845 2457 CA
