1684 2763
791 148 1259 187 EPIGRAMMATON
1294 151 1343 187 LI
1353 152 1393 187 B.
1431 152 1468 187 ll

638 260 772 296 LXIV

148 331 249 367 l)um
282 331 403 368 modo
433 329 689 377 causidicum,
722 331 817 368 dum
849 338 886 368 te
917 332 1038 369 modo
1068 333 1222 369 rhetora
1254 332 1365 381 lingis

195 403 232 432 et
261 409 341 433 non
372 395 562 442 decernis,
595 398 733 443 Laure,
765 395 861 445 quid
892 410 976 434 esse
1007 397 1111 443 velis,

145 461 280 498 l'eleos
310 468 347 498 et
380 460 521 498 Priami
552 462 689 499 transit
713 470 751 499 et
783 461 962 499 Nestoris
991 470 1098 500 aetas

194 533 231 563 et
262 527 385 563 fuerat
414 540 543 564 serum
574 526 650 563 iam
682 526 751 564 tibi
782 526 972 565 desinere.

141 590 279 640 incipe,
313 599 388 629 tres
419 605 499 629 uno
530 591 727 640 perierunt
758 592 932 630 rhetores
962 605 1079 639 anno,

194 655 224 693 si
254 656 350 706 quid
380 657 501 694 habes
530 656 662 702 animi,
695 656 726 694 si
756 657 852 706 quid
882 656 921 694 in
951 665 1031 695 arte
1062 659 1177 695 vales.

140 721 168 757 si
201 722 335 759 schola
365 723 583 768 damnatur,
617 723 699 760 fora
728 722 860 760 litibus
891 722 1024 761 omnia
1054 724 1214 770 fervent,

194 786 276 835 ipse
306 795 434 836 potest
465 787 546 825 fieri
580 789 739 825 Marsua
769 787 1002 826 causidicus.

140 851 227 888 heia
256 865 337 901 age,
371 866 508 901 rumpe
539 866 690 890 moras:
730 866 810 902 quo
841 860 878 891 te
908 853 1153 903 sperabimus
1187 856 1341 903 usque?

194 918 288 954 dum
320 916 415 966 quid
445 917 496 955 sis
527 917 696 964 dubitas,
728 917 805 955 iam
836 926 947 967 potes
977 931 1063 956 esse
1094 918 1200 956 nihil.
1436 936 1473 957 10

643 995 754 1030 LXV

140 1064 220 1101 Cur
250 1055 456 1101 tristiorem
488 1063 683 1101 cernimus
715 1063 970 1102 Saleianum?

143 1130 228 1165 ‘An
259 1141 377 1166 causa
406 1128 501 1166 levis
533 1129 641 1166 est?'
671 1127 812 1178 inquis,
849 1128 990 1166 ‘extuli
1022 1131 1208 1167 uxorem'

140 1195 175 1231 O
205 1195 352 1243 grande
382 1193 448 1231 sati
478 1193 653 1232 crimen!
694 1207 717 1232 o
746 1207 903 1244 gravem
935 1198 1097 1232 casum!

139 1259 212 1306 illa,
245 1259 309 1297 illa
338 1259 447 1297 dives
478 1267 630 1297 mortua
660 1267 718 1297 est
748 1259 984 1307 Secundilla,

139 1334 305 1362 centena
335 1324 467 1362 decies
497 1338 598 1374 quae
629 1324 698 1362 tibi
729 1324 838 1363 dedit
869 1325 1004 1363 dotis?

140 1391 285 1427 nollem
315 1389 523 1428 accidisset
555 1391 631 1428 hoc
662 1389 742 1437 tibi,
776 1390 965 1428 Saleiane.

624 1467 756 1503 LXVI

141 1538 252 1574 Vnus
283 1537 332 1574 de
363 1544 447 1574 toto
478 1544 707 1586 peccaverat
736 1536 831 1574 orbe
861 1550 1064 1574 comarum

192 1603 344 1648 anulus,
377 1601 524 1639 incerta
554 1615 634 1639 non
666 1602 767 1639 bene
797 1602 895 1640 fixus
924 1615 1008 1639 acu.

140 1669 215 1705 hoc
244 1666 394 1705 facinus
426 1669 569 1716 Lalage
599 1668 771 1717 speculo,
804 1680 883 1716 quo
913 1666 1072 1714 viderat,
1105 1668 1184 1705 ulta
1215 1675 1285 1714 est,

193 1740 230 1770 et
260 1731 403 1770 cecidit
432 1732 556 1770 saevis
586 1731 663 1770 icta
694 1733 858 1770 Plecusa
887 1731 1022 1770 comis.

141 1797 288 1835 Desine
318 1797 406 1845 iam,
441 1799 594 1847 Lalage,
628 1796 753 1835 tristes
783 1810 920 1835 ornare
949 1796 1122 1847 capillos,
1453 1814 1469 1843 5

194 1870 325 1912 tangat
355 1870 393 1900 et
422 1862 604 1900 insanum
636 1864 743 1900 nulla
771 1863 902 1911 puella
931 1870 1058 1911 caput.

140 1929 215 1965 hoc
245 1929 492 1965 salamandra
520 1936 630 1966 notet
660 1929 720 1965 vel
751 1941 866 1966 saeva
896 1928 1089 1965 novacula
1119 1927 1252 1973 nudet,

195 2000 235 2030 ut
265 1992 383 2042 digna
413 1995 574 2042 speculo
605 1994 671 2030 fiat
701 1992 830 2043 imago
861 2000 937 2030 tua.

185 2091 295 2121 LXIV
319 2092 391 2122 lzab.
419 2091 448 2121 T
560 2102 572 2121 1
602 2092 687 2122 Dum
706 2096 739 2122 te
758 2102 784 2121 e.
804 2091 839 2120 D
905 2096 974 2121 tum
993 2095 1026 2120 te
1049 2090 1078 2120 T
1195 2101 1213 2120 2
1239 2089 1322 2130 non]
1343 2091 1419 2120 dum
1439 2090 1470 2118 L)

140 2135 233 2165 laure
250 2135 362 2165 AACA
379 2147 385 2166 ε
413 2140 507 2165 taure
524 2135 578 2165 BA
630 2136 710 2174 quid
727 2134 864 2164 AABA:
891 2134 965 2174 quis
985 2134 1033 2164 CA
1117 2146 1135 2172 4
1161 2134 1319 2164 deserere
1336 2133 1370 2162 l)
1454 2143 1469 2170 7

141 2179 278 2209 Discola
302 2178 331 2208 T
413 2180 433 2209 8
451 2184 548 2218 potes
570 2179 598 2208 T
610 2180 741 2219 (etsort.
761 2179 835 2208 AA‘-
853 2189 859 2208 ε
892 2182 1003 2217 potest
1020 2177 1126 2207 BACA
1223 2188 1243 2216 9
1260 2177 1470 2216 sperauimus

138 2222 250 2252 :IACA
268 2222 348 2262 (pro
364 2222 500 2252 -bimusl
638 2233 676 2253 10
698 2222 777 2260 quid
794 2221 931 2252 AABA:
953 2221 1029 2259 quis
1048 2221 1095 2251 CA

185 2265 278 2295 LXV
303 2277 322 2295 2
346 2267 457 2304 inquis
474 2266 579 2296 extuli
596 2266 669 2297 BA:
694 2266 813 2295 extulit
830 2265 937 2304 inquit
956 2265 1004 2295 CA
1021 2265 1103 2304 (pro
1119 2263 1238 2303 extuli,
1256 2263 1361 2302 inquit
1375 2265 1403 2300 2²)

186 2309 293 2339 LXVI
321 2310 394 2340 lzal).
421 2309 451 2339 T
533 2319 552 2347 3
577 2310 666 2348 quod
690 2309 860 2348 T(ctf074.
878 2309 971 2347 AA):
999 2318 1065 2346 quo
1084 2307 1191 2337 BACA
1291 2318 1308 2344 4
1334 2307 1467 2344 plecusa

142 2352 263 2390 (mssa)
287 2353 424 2383 AACA:
459 2353 624 2391 phlegusa
649 2353 776 2393 Q-cusa)
802 2352 857 2381 BA
957 2352 1057 2381 sectis
1082 2350 1334 2388 mala—genis
1358 2348 1467 2378 Mark-

141 2395 224 2425 land
237 2394 312 2426 MS.
332 2397 366 2426 in
382 2397 514 2435 exempl.
535 2407 594 2425 suo
718 2405 737 2434 5
762 2405 903 2425 onerare
923 2394 971 2425 CA
1097 2395 1117 2424 6
1141 2393 1249 2431 tangit
1271 2393 1315 2422 T:
1341 2392 1468 2429 tangito

143 2438 300 2468 Heinsius
395 2449 512 2469 sanum
531 2440 586 2470 ΒΑ
606 2441 684 2479 <pro
697 2440 841 2478 isanum)
1013 2440 1032 2468 8
1057 2442 1092 2467 ut
1111 2438 1140 2467 d.
1160 2437 1192 2466 in
1211 2446 1260 2475 sp.
1286 2436 1315 2474 Q
1412 2440 1468 2463 tua

140 2481 256 2512 AABA
277 2494 283 2512 ε
310 2487 367 2513 tuo
386 2483 434 2514 CA
