1684 2763
171 158 226 194 M.
258 156 380 193 VAL.
412 154 724 193 MARTIALIS

171 276 207 305 te
238 267 414 305 Cadmea
443 267 577 315 Tyros,
610 278 673 303 me
702 263 856 314 pinguis
887 263 1013 302 Gallia
1043 263 1183 302 vestit:

225 331 281 369 vis
311 339 348 369 te
377 343 627 380 purpureum,
662 331 808 376 Marce,
840 337 994 378 sagatus
1023 330 1187 367 amem?

172 404 213 434 ut
244 403 435 445 praestem
466 395 652 444 Pyladen,
682 393 822 443 aliquis
853 393 947 431 mihi
978 400 1146 443 praestet
1176 393 1355 431 Oresten.

227 462 302 498 boc
331 473 411 498 non
442 460 484 497 fit
513 458 650 506 verbis,
686 459 843 497 Marce:
883 466 924 496 ut
953 457 1105 505 ameris,
1137 471 1235 495 ama.
1460 470 1500 493 10

692 546 775 582 XII

177 620 283 655 Iurat
311 616 472 666 capillos
502 629 596 661 esse,
629 628 727 664 quos
757 614 862 661 emit,
895 628 987 652 suos

178 683 365 720 Fabulla:
404 679 633 730 l‘numquid‚
667 681 797 725 Paule,
831 678 1031 728 peierat†?

676 767 783 804 XIII

179 838 278 886 Quis
309 846 344 876 te
376 836 565 875 Phidiaco
594 838 811 883 formatam,
846 835 957 882 Iulia,
989 836 1109 882 caelo,

233 904 291 940 vel
322 902 408 952 quis
440 901 638 940 Palladiae
669 915 747 939 non
778 908 889 950 putet
918 900 1009 938 artis
1039 901 1169 949 opus?

179 965 349 1003 candida
378 978 457 1002 non
488 963 604 1002 tacita
634 964 847 1012 respondet
877 962 1045 1012 imagine
1076 963 1212 1011 lygdos

234 1038 272 1068 et
301 1029 457 1079 placido
487 1030 606 1078 fulget
636 1028 744 1066 vivus
775 1028 813 1065 in
845 1041 910 1065 ore
940 1029 1069 1065 decor.

182 1095 280 1133 ludit
310 1094 500 1139 Acidalio,
533 1095 602 1131 sed
634 1107 713 1131 non
744 1106 882 1130 manus
912 1105 1059 1141 aspera,
1092 1093 1211 1138 nodo,

237 1173 353 1209 quem
384 1159 509 1208 rapuit
539 1160 652 1203 collo,
686 1171 801 1207 parve
833 1157 1004 1206 Cupido,
1036 1165 1114 1194 tuo.

185 1234 224 1262 ut
259 1224 394 1261 Martis
425 1231 626 1261 revocetur
654 1236 764 1260 amor
794 1221 1016 1270 summique
1045 1220 1249 1266 Tonantis,

238 1299 259 1323 a
290 1294 326 1324 te
358 1287 459 1323 Iuno
490 1292 595 1334 petat
625 1292 759 1322 ceston
791 1292 829 1321 et
858 1283 941 1332 ipsa
970 1285 1116 1321 Venus.

695 1372 794 1408 XIV

295 1445 438 1480 Versus
469 1442 636 1480 scribere
665 1454 780 1491 posse
810 1449 847 1479 te
877 1440 1041 1478 disertos

294 1509 488 1554 adfirmas,
522 1506 684 1545 Laberi:
725 1506 819 1556 quid
850 1519 941 1555 ergo
972 1519 1050 1543 non
1081 1504 1169 1542 vis?

295 1586 426 1610 versus
457 1572 624 1610 scribere
654 1571 719 1621 qui
750 1579 877 1621 potest
907 1570 1083 1616 disertos,

297 1636 527 1683 conscribat,
563 1635 726 1674 Laberi:
766 1635 890 1672 virum
921 1635 1080 1684 putabo,

711 1729 786 1765 XV

197 1803 298 1838 Dum
335 1800 601 1837 Phaethontea
632 1797 795 1835 formica
823 1804 982 1845 vagatur
1012 1796 1049 1833 in
1081 1795 1228 1841 umbra,

247 1864 425 1913 inplicuit
455 1872 614 1901 tenuem
645 1862 780 1900 sucina
809 1870 917 1911 gutta
946 1863 1077 1899 feram.

194 1931 247 1968 sic
280 1930 399 1967 modo
429 1942 529 1977 quae
560 1929 684 1965 fuerat
714 1927 791 1964 vita
821 1934 1047 1975 contempta
1078 1932 1272 1970 manente,

249 1993 448 2031 funeribus
478 1994 579 2030 facta
609 2000 665 2030 est
696 2005 800 2029 nunc
831 1990 998 2040 pretiosa
1027 1989 1116 2028 suis.

240 2097 286 2126 xl
316 2107 330 2135 7
357 2106 399 2126 ne
416 2106 442 2126 c.
462 2101 483 2125 t.
505 2105 579 2125 mea
597 2095 719 2133 pingus
738 2093 824 2131 galla
838 2098 935 2123 ueste
955 2092 984 2122 T
1095 2101 1133 2122 10
1158 2101 1223 2121 non
1244 2091 1299 2120 fiat
1317 2090 1436 2123 verbis,
1453 2100 1518 2120 om.

197 2142 258 2170 hoc
275 2140 304 2178 Q
361 2139 451 2179 ama]
469 2149 543 2168 ame
567 2138 596 2168 T
659 2137 725 2167 Xll
745 2148 763 2166 2
784 2148 816 2167 n.
838 2135 965 2178 (ergo)
983 2136 1016 2166 P.
1040 2135 1182 2165 Mum-o:
1210 2132 1402 2174 n.(i11a>P.
1424 2133 1496 2162 Ital.
1517 2144 1523 2161 :

198 2194 227 2213 n.
251 2183 284 2213 P.
305 2181 386 2224 (n.)
406 2182 537 2212 Grotius
626 2181 775 2219 perierat
790 2180 838 2209 CA
1035 2178 1118 2208 XIII
1149 2188 1161 2207 1
1190 2177 1343 2207 formauit
1361 2176 1415 2205 ΒΑ
1504 2185 1524 2213 3

198 2227 310 2256 tacitat
329 2226 374 2255 G·x
395 2230 430 2255 nl
447 2225 509 2255 vid.
531 2224 659 2264 gtacitat
676 2223 737 2261 ΕΙ,
756 2228 856 2253 tactat
874 2222 949 2259 XB,
969 2226 1055 2252 tacta
1073 2220 1180 2257 ACG,
1199 2219 1299 2250 tacita
1316 2219 1375 2258 Εἰ)
1473 2229 1522 2248 re·

197 2270 332 2308 spondit
351 2269 402 2297 ΒΑ
507 2279 525 2306 4
552 2269 653 2298 decor
669 2267 745 2297 BA:
768 2267 877 2305 liquor
894 2266 941 2295 CA
1074 2273 1093 2303 5
1118 2265 1207 2293 nudo
1228 2264 1278 2292 ΒΑ
1384 2272 1399 2300 7
1426 2272 1525 2291 reno-

199 2318 296 2342 uetur
314 2312 365 2341 BA
383 2324 389 2341 z
415 2316 593 2341 reuocetur
611 2310 658 2340 CA
790 2311 809 2339 8
827 2320 893 2339 uno
909 2309 963 2338 BA
1192 2306 1272 2336 XIV
1294 2316 1313 2343 4
1338 2306 1525 2335 conscribat

199 2355 442 2386 Schneidewin:
468 2365 534 2383 non
553 2354 674 2384 scribat
691 2352 777 2383 codd.
997 2351 1060 2380 XV
1083 2350 1156 2381 hab.
1180 2350 1237 2379 TR
1295 2359 1306 2378 1
1336 2359 1409 2388 uag.
1429 2348 1525 2379 form.

201 2400 262 2438 (Ἃ,
278 2399 334 2429 scd
348 2409 424 2428 corr.
446 2402 480 2428 ιιί
503 2397 563 2429 vid.
695 2406 715 2435 3
740 2400 897 2426 contenta
919 2393 1007 2433 TLQ
1094 2394 1251 2424 madente
1270 2392 1318 2423 CA
