1684 2763
207 170 260 206 M.
294 166 415 204 VAL.
449 162 762 202 MARTIALIS

692 285 827 323 LXIX

209 387 564 438 Amphitheatrales
591 384 692 422 inter
719 381 863 420 nutrita
890 379 1094 430 magistros

263 452 446 498 venatrix,
479 449 583 489 silvis
611 461 758 498 aspera,
790 446 936 484 blanda
968 443 1088 490 domi,

213 517 336 568 Lydia
364 515 534 561 dicebar,
565 512 728 552 domino
758 510 946 549 fidissima
977 510 1135 554 Dextro,

265 581 332 633 qui
361 594 442 619 non
473 579 662 628 Erigones
692 577 823 614 mallet
852 575 997 612 habere
1026 585 1178 619 canem,

214 661 286 686 nec
316 645 382 697 qui
414 644 577 683 Dictaea
606 642 827 691 Cephalum
858 640 908 677 de
936 646 1053 688 gente
1081 644 1238 675 secutus
1518 649 1535 679 5

267 711 449 750 luciferae
478 707 619 758 pariter
646 705 752 744 venit
781 705 831 743 ad
860 711 962 742 astra
989 703 1098 741 deae.

217 778 308 815 Non
340 788 402 813 me
431 775 547 822 longa
576 770 661 810 dies
691 783 764 808 nec
793 768 940 806 inutilis
970 766 1130 805 abstulit
1159 773 1277 811 aetaS‚

270 839 400 890 qualia
430 835 617 876 Dulichio
645 836 725 873 fata
753 835 858 872 fuere
887 832 998 871 cani:

217 904 406 944 fulmineo
435 900 654 952 spumantis
682 898 764 948 apri
794 911 879 936 sum
910 898 1029 936 dente
1058 901 1270 945 perempta,

271 977 440 1019 quantus
470 974 562 1013 erat,
593 965 785 1014 Calydon,
815 970 893 1009 aut,
925 961 1176 1011 Erymanthe,
1207 967 1308 997 tuus.
1506 971 1544 992 10

219 1048 291 1074 nec
320 1046 461 1084 queror
489 1031 658 1069 infernas
688 1027 865 1078 quamvis
894 1026 973 1065 cito
1002 1034 1110 1075 rapta
1138 1024 1211 1062 sub
1241 1022 1411 1061 umbras.

273 1112 353 1138 non
384 1096 493 1148 potui
522 1096 601 1133 fato
630 1093 822 1132 nobiliore
852 1091 962 1130 niori.

714 1249 826 1286 LXX

225 1342 418 1387 Vendere,
449 1341 594 1384 Tucca,
626 1344 738 1387 potes
767 1334 943 1374 centenis
974 1333 1129 1372 milibus
1159 1332 1342 1382 emptos?

278 1404 465 1456 plorantis
494 1402 678 1442 dominos
707 1401 888 1447 vendere,
920 1401 1063 1444 Tucca,
1096 1398 1237 1448 potes?

228 1485 300 1510 nec
330 1478 367 1509 te
396 1467 620 1513 blanditiae,
652 1479 725 1504 nec
755 1465 873 1503 verba
902 1464 1066 1502 rudesve
1096 1463 1287 1512 querelae,

282 1548 355 1574 nec
385 1542 422 1573 te
451 1535 570 1572 dente
600 1539 668 1569 tuo
698 1529 829 1567 saucia
858 1530 958 1566 colla
988 1529 1176 1565 movent?

228 1603 279 1639 ah
308 1599 481 1639 facinus!
521 1596 655 1635 tunica
682 1602 788 1644 patet
818 1593 962 1642 inguen
992 1592 1187 1641 utrimque
1217 1593 1351 1638 levata,
1536 1607 1553 1637 5

283 1663 546 1714 aspiciturque
576 1669 642 1698 tua
673 1660 846 1697 mentula
875 1659 975 1696 facta
1006 1671 1136 1695 manu.

231 1730 270 1768 Si
300 1738 338 1767 te
367 1729 537 1766 delectat
567 1732 769 1762 numerata
799 1722 977 1772 pecunia,
1010 1722 1137 1760 vende

286 1800 500 1843 argentum,
533 1802 700 1834 mensas,
733 1787 914 1833 murrina,
946 1800 1043 1833 rura,
1075 1787 1240 1824 domum
1258 1800 1267 1832 3

235 1859 360 1897 vende
390 1869 503 1894 senes
533 1867 673 1899 servos,
707 1852 921 1902 ignoscent,
953 1852 1080 1889 vende
1110 1858 1318 1899 paternos:

289 1935 338 1960 ne
366 1932 508 1971 pueros
537 1919 685 1956 vendas
714 1915 847 1954 omnia
875 1916 1001 1953 vende
1033 1914 1157 1952 miser.
1519 1928 1558 1950 10

239 1985 407 2025 Luxuria
435 1992 493 2023 est
522 1995 650 2020 emere
680 1979 895 2029 hos—quis
925 1978 1029 2017 enim
1059 1978 1262 2016 dubitatve
1296 1985 1459 2027 negatve
1475 1979 1555 2023 ?—-‚

291 2051 361 2089 sed
390 2049 515 2086 multo
545 2045 667 2084 maior
694 2045 863 2082 vendere
893 2043 1040 2080 luxuria
1070 2050 1137 2080 est.

286 2150 398 2183 LXIX
422 2161 471 2180 vv.
503 2159 572 2189 1-4,
601 2157 683 2187 7-12
706 2146 780 2178 hab.
803 2146 832 2176 T
927 2157 946 2184 4
971 2155 1087 2176 canem
1105 2143 1240 2175 AACA:
1266 2155 1366 2175 canes
1384 2143 1439 2176 EA
1542 2154 1561 2183 5

240 2197 382 2227 dictama
400 2193 450 2224 CA
586 2201 620 2221 11
647 2191 782 2220 umbras
797 2189 914 2219 ΑΑΒΑ
931 2201 937 2220 :
962 2189 1067 2219 undas
1086 2188 1135 2218 CA

286 2237 383 2269 LXX
410 2247 423 2267 1
450 2240 614 2266 centenos
642 2234 691 2264 CA
832 2243 851 2272 3
876 2234 1043 2271 rudesque
1083 2232 1253 2270 querellae
1284 2230 1362 2261 BA:
1401 2230 1561 2261 rudesue-

241 2281 419 2322 quepellae
438 2280 485 2310 CA
502 2276 820 2320 <rudesuequepelle
834 2276 871 2315 E,
887 2275 1167 2314 rudesuepuellae
1183 2274 1292 2315 stelle)
1306 2272 1382 2314 XV,
1398 2274 1564 2312 rudesque

243 2325 376 2366 puellae
392 2323 440 2357 Au
469 2326 505 2363 (p
516 2327 577 2362 pro
595 2322 623 2360 r)
642 2332 649 2351 ε
681 2331 758 2351 corr.
786 2319 861 2350 Ital.
1035 2328 1053 2356 5
1079 2318 1246 2356 utrimque
1262 2317 1335 2348 Ital.
1357 2329 1363 2348 :
1389 2323 1564 2356 utrumque

238 2368 350 2409 (mn-3
368 2366 455 2397 codd.
561 2366 581 2394 6
605 2364 847 2403 inspiciturque
867 2361 940 2392 BA:
965 2362 1190 2400 aspiciturque
1210 2360 1260 2391 CA
1369 2371 1390 2400 9
1414 2361 1564 2391 uendere

247 2411 372 2454 <uende
389 2409 441 2450 Χ)
461 2414 602 2448 paterno
619 2412 655 2437 ut
668 2406 732 2438 vid.
751 2406 801 2437 CA
953 2414 988 2435 11
1015 2405 1210 2443 dubitatque
1227 2408 1407 2443 negantem
1430 2403 1479 2434 CA
