1684 2763
720 114 1186 153 EI'IGRM=11x=1A'1‘ON
1218 115 1270 152 LI
1279 116 1321 151 B.
1355 115 1435 152 XII

623 228 715 263 LVI

112 295 302 343 Aegrotas
332 305 412 330 uno
442 291 573 330 decies
603 299 669 329 aut
699 290 853 340 saepius
882 304 998 337 anno,

167 371 239 396 nec
269 357 338 395 tibi
369 358 438 395 sed
469 356 583 395 nobis
614 357 701 403 hoe,
735 357 1003 405 Polycharme,
1037 363 1178 394 nocet:

114 436 203 460 nam
234 422 416 472 quotiens
447 421 580 471 surgis,
613 421 754 459 soteria
784 421 913 470 poscis
942 420 1101 459 amicos.

167 487 223 525 Sit
252 488 405 536 pudor:
445 494 603 536 aegrota
631 486 720 533 iam,
754 487 1021 535 Polycharmo,
1054 487 1185 524 semel.

616 564 731 600 LVII

115 634 195 672 Cur
223 646 340 682 saepe
369 632 461 671 sicci
492 646 610 682 parva
640 647 727 670 rura
757 633 947 671 Nomenti

114 700 313 747 laremque
342 698 455 736 villae
485 698 690 736 sordidum
721 706 862 748 petam,
895 698 1078 748 quaeris?

115 764 201 801 Nec
230 763 439 813 cogitandi,
472 765 623 813 Sparse,
655 777 729 801 nec
759 762 988 812 quiescendi

114 829 152 865 in
182 828 279 866 urbe
308 830 417 866 locus
447 835 505 866 est
534 828 705 878 pauperi.
766 830 923 878 Negant
951 827 1069 866 vitam

114 892 196 931 ludi
227 892 398 942 magistri
429 906 560 940 mane,
590 900 707 931 nocte
737 892 912 942 pistores,
1429 906 1445 936 5

114 957 348 996 aerariorum
380 957 541 995 marculi
572 957 636 995 die
665 965 777 1005 toto3

115 1022 207 1061 hinc
236 1022 386 1061 otiosus
416 1022 614 1060 sordidam
647 1022 771 1071 quatit
801 1035 977 1060 mensam

117 1087 344 1125 Neroniana
373 1086 658 1125 nummularius
689 1101 826 1133 massa,

116 1152 222 1190 illinc
251 1151 400 1202 palueis
431 1153 634 1190 malleator
664 1151 871 1202 Hispanae

116 1217 248 1255 tritum
279 1216 418 1255 nitenti
448 1218 550 1255 fuste
579 1217 756 1256 verberat
786 1231 949 1265 saxum3
1410 1233 1448 1253 10

116 1292 189 1318 nec
219 1280 332 1317 turba
361 1286 486 1317 cessat
515 1281 699 1318 entheata
730 1281 927 1325 Bellonae,

116 1357 189 1382 nee
219 1343 381 1382 fasciato
411 1345 620 1393 naufragus
649 1346 793 1393 loquax
822 1352 971 1390 trunco,

116 1423 139 1447 a
168 1416 290 1447 matre
320 1410 461 1446 doctus
492 1422 565 1447 nec
594 1422 728 1458 rogare
759 1410 941 1455 Iudaeus,

118 1487 191 1512 nee
221 1474 472 1523 sulphuratae
502 1473 631 1523 lippus
661 1473 815 1512 institor
845 1473 995 1512 mercis.

119 1541 337 1577 Numerare
366 1538 463 1588 pigri
493 1540 639 1577 damna
668 1539 754 1588 quis
784 1546 914 1588 potest
943 1538 1101 1577 somni?
1417 1555 1450 1584 15

118 1603 223 1641 dicet
252 1610 349 1653 quot
378 1616 467 1641 aera
495 1604 700 1642 verberent
730 1617 869 1642 manus
899 1603 1015 1651 urbis,

119 1682 210 1706 curn
241 1676 348 1706 secta
377 1668 531 1707 Colcho
562 1670 675 1706 Luna
704 1670 861 1718 vapulat
891 1669 1070 1707 rhombo.

119 1735 192 1780 Tu,
225 1735 374 1782 Sparse,
408 1732 535 1771 nescis
565 1732 638 1771 ista
667 1747 741 1772 nec
770 1742 882 1784 potes
913 1734 1020 1781 scire,

120 1797 319 1836 Petilianis
349 1797 539 1836 delicatus
569 1797 609 1836 in
639 1798 776 1849 regnis,

119 1862 182 1901 cui
211 1864 328 1912 plana
357 1876 533 1901 summos
564 1863 730 1913 despicit
760 1865 902 1903 domus
932 1864 1088 1911 montis,
1413 1881 1453 1902 20

120 1935 157 1966 et
187 1941 250 1965 rus
279 1927 319 1964 in
349 1928 445 1965 urbe
475 1935 533 1966 est
562 1927 783 1978 vinitorque
814 1931 1020 1968 Romanus

166 2030 240 2060 LVI
259 2030 332 2061 lzab.
358 2031 387 2061 T
472 2042 491 2061 2
516 2042 577 2062 nec
597 2033 695 2063 nobis
717 2033 764 2063 T:
789 2034 848 2064 sed
867 2034 964 2065 nobis
980 2033 1089 2065 BACA
1177 2045 1195 2072 4
1213 2034 1283 2074 sip.
1300 2039 1453 2073 aegrotat

123 2075 165 2104 da
182 2085 212 2115 p.
231 2084 256 2104 s.
284 2074 344 2103 AA
542 2076 636 2107 LVII
661 2087 711 2107 vv.
733 2086 803 2116 1-7‚
823 2088 923 2117 9-10‚
944 2087 991 2117 15,
1012 2079 1053 2107 28
1070 2077 1144 2108 hab.
1170 2077 1200 2107 T
1295 2088 1308 2108 1
1336 2077 1452 2117 paruia

124 2118 172 2148 CA
330 2119 495 2149 momenti
522 2119 570 2149 CA
785 2131 805 2150 2
829 2126 941 2159 petam
967 2121 1120 2162 quaeris]
1145 2131 1285 2160 quet-em
1312 2122 1401 2161 petis
1430 2121 1458 2151 T

123 2170 142 2199 3
167 2160 356 2199 cogitandis
401 2172 482 2201 pare
527 2162 574 2193 T:
628 2163 819 2202 cogitandis
862 2174 941 2204 pars
978 2164 1027 2196 CA
1255 2174 1275 2203 5
1301 2164 1453 2204 magistri

121 2204 252 2234 AACA:
278 2204 441 2243 magister
457 2205 512 2235 BA
679 2217 697 2246 7
722 2207 777 2237 hic
801 2207 861 2238 ΑΑ
1010 2219 1031 2248 9
1055 2208 1183 2247 palucis
1206 2207 1453 2239 Friedlaender:

123 2247 283 2286 pollicent
306 2248 389 2278 AA:
414 2249 547 2287 paludis
569 2249 678 2281 BACA
813 2261 852 2281 10
875 2251 978 2293 fuste]
997 2257 1095 2282 ueste
1117 2251 1173 2281 ΒΑ
1300 2261 1338 2291 13
1363 2261 1453 2282 mare

122 2290 179 2320 ΒΑ
314 2300 351 2329 15
373 2295 449 2331 post
471 2303 501 2324 v.
528 2295 567 2323 18
590 2293 646 2324 ΒΑ
749 2295 805 2333 qui
829 2295 905 2327 Ital.
1032 2296 1070 2325 16
1094 2295 1208 2325 dicent
1233 2294 1282 2327 CA
1417 2305 1453 2332 17

125 2334 220 2364 Luna
237 2345 302 2365 om.
320 2334 376 2365 BA
488 2337 526 2366 18
550 2338 642 2368 necis
668 2341 705 2368 ut
729 2337 793 2370 vid.
823 2338 872 2368 CA
1000 2348 1040 2378 19
1065 2338 1236 2378 petilianis
1258 2338 1336 2369 BA:
1372 2338 1454 2377 peti-

125 2378 236 2408 nianis
263 2377 312 2408 CA
