1684 2763
888 135 1354 182 EPIGRAMMATON
1389 145 1489 183 LIB.
1526 149 1541 184 I

715 243 813 283 CIX

314 307 398 344 Issa
427 316 485 346 est
514 323 670 360 passere
700 315 867 365 nequior
896 319 1052 367 Catulli,

313 372 396 410 Issa
425 381 484 411 est
513 376 646 424 purior
675 382 813 419 osculo
842 385 1062 432 columbae⁷

312 437 396 475 Issa
426 447 484 477 est
516 441 700 482 blandior
729 447 915 487 omnibus
944 452 1098 500 puellis,

310 503 394 542 Issa
423 513 481 544 est
511 508 636 547 carior
668 512 817 551 Indicis
848 515 1000 565 lapillis,

307 568 392 606 Issa
421 577 480 608 est
510 573 677 614 deliciae
707 580 847 617 catella
876 582 1005 620 Publi.
1513 610 1530 639 5

304 632 406 672 hanc
436 643 487 683 tu,
521 638 552 676 si
583 641 767 690 queritur,
801 646 910 695 loqui
940 649 1126 698 putabis;

301 699 418 738 sentit
448 702 723 757 tristitiamque
750 711 1033 762 gaudiumque.

299 765 404 803 collo
433 766 523 806 nixa
551 771 671 809 cubat
701 774 884 826 capitque
919 791 1092 827 somnos,

301 837 341 866 ut
370 832 535 881 suspiria
564 837 671 875 nulla
700 840 942 889 sentiantur3

297 902 336 932 et
365 897 562 938 desiderio
591 911 728 941 coacta
757 907 901 945 ventris
1487 935 1523 956 10

293 968 404 1008 gutta
432 964 550 1011 pallia
579 980 660 1005 non
690 970 826 1009 fefellit
856 974 943 1019 ulla,

293 1026 363 1063 sed
393 1026 542 1067 blando
572 1033 674 1080 pede
704 1035 866 1075 suscitat
896 1046 1062 1089 toroque

292 1091 440 1141 deponi
471 1104 606 1134 monet
636 1105 675 1136 et
704 1109 814 1150 rogat
848 1104 979 1142 levari.

290 1164 421 1196 castae
451 1166 582 1199 tantus
611 1162 713 1202 inest
742 1168 871 1215 pudor
900 1172 1076 1218 catellae,

290 1219 440 1269 ignorat
470 1226 694 1276 Vene1⁴em3
734 1244 807 1270 nec
837 1232 1059 1275 invenimus
1480 1262 1513 1292 15

288 1285 451 1336 dignum
484 1297 563 1329 tam
595 1300 728 1334 tenera
757 1297 882 1336 virum
913 1303 1056 1350 puella.

290 1352 408 1391 Hanc
439 1368 488 1393 ne
518 1357 582 1395 lux
612 1360 735 1409 rapiat
765 1375 949 1413 suprema
979 1374 1113 1415 totam,

284 1415 390 1465 picta
420 1420 583 1460 Publius
614 1425 795 1474 exprimit
825 1430 982 1478 tabella,

285 1481 323 1519 in
353 1496 431 1532 qua
462 1493 539 1524 tam
571 1488 740 1529 similem
771 1493 923 1533 videbis
956 1498 1095 1545 Issam,

283 1554 324 1584 ut
354 1548 403 1586 sit
433 1557 512 1589 tam
542 1552 680 1593 similis
710 1556 785 1595 sibi
815 1572 889 1598 nec
918 1560 1015 1611 ipsa.
1468 1588 1506 1608 ες,

283 1614 408 1652 Issam
438 1617 612 1667 denique
641 1634 746 1670 pone
776 1637 866 1663 cum
897 1627 1064 1666 tabella:

278 1686 346 1716 aut
376 1687 583 1732 utramque
614 1687 770 1735 putabis
800 1703 886 1729 esse
915 1706 1057 1740 veram,

277 1752 344 1782 aut
374 1753 581 1798 utramque
611 1753 768 1801 putabis
799 1769 883 1794 esse
913 1757 1072 1807 pictam.

691 1841 764 1880 CX

168 1901 345 1941 Scribere
375 1918 438 1943 me
467 1910 650 1958 quereris,
684 1914 820 1961 Velox,
854 1916 1135 1967 epigrammata
1165 1922 1291 1971 longai.

219 1965 302 2016 ipse
332 1968 429 2008 nihil
458 1973 621 2014 scribis:
663 1984 703 2015 tu
735 1978 912 2019 breviora
941 1983 1046 2021 facis.

676 2067 772 2105 CXI

163 2126 266 2163 (jum
297 2127 368 2166 tibi
398 2130 446 2168 sit
477 2134 640 2183 sophiae
671 2150 739 2186 par
768 2139 872 2177 fama
901 2148 938 2179 et
969 2156 1060 2181 cura
1090 2146 1266 2190 deorum,

214 2190 373 2241 ingenio
402 2195 526 2245 pietas
556 2212 630 2238 nec
660 2201 789 2241 minor
819 2203 902 2254 ipsa
931 2220 1026 2246 suo:

202 2288 281 2320 CIX
307 2302 325 2329 4
350 2294 481 2332 capillis
508 2297 557 2327 CA
688 2301 708 2330 8
733 2302 819 2333 colla
837 2304 892 2333 ΒΑ
970 2316 1058 2338 nexa
1078 2309 1127 2338 CA
1262 2320 1299 2349 13
1326 2319 1490 2342 monetet

158 2338 261 2385 rogat?
275 2334 294 2365 l.
316 2335 371 2364 BA
388 2343 477 2371 (cum
494 2340 552 2381 M)
570 2353 577 2372 :
608 2348 703 2382 rogat
721 2350 754 2375 et
772 2352 887 2377 monet
904 2348 1029 2380 eleuari
1050 2352 1099 2381 CA
1228 2356 1331 2392 15-16
1354 2365 1419 2385 θυι.
1441 2356 1489 2386 CA

200 2374 461 2456 ggiilthZnTCX
477 2427 570 2465 (onst.
590 2428 642 2457 ΒΑ
658 2441 665 2460 z
692 2436 768 2470 pos-t
783 2432 882 2465 CXII
900 2436 1003 2468 colloc.
1024 2437 1073 2468 CA
1216 2448 1227 2468 Ι
1255 2440 1391 2471 deorum
1410 2441 1463 2471 B>-
1480 2454 1485 2471 :

155 2460 304 2494 laborum
324 2465 373 2496 CA
504 2480 524 2499 2
550 2476 605 2502 tuo
622 2472 696 2504 Ital.
