1684 2763
205 143 263 181 M.
293 143 416 180 VAL.
449 140 760 179 MARTIALIS

206 252 269 292 hic
299 253 468 303 scyphus
498 258 556 290 est
585 251 624 289 in
654 264 733 301 quo
765 249 917 288 misceri
946 249 1056 288 iussit
1085 248 1221 288 amicis

259 317 399 368 largius
429 316 621 355 Aeacides
650 315 895 364 vividiusque
925 328 1086 353 merum.

207 385 280 421 hac
310 381 529 432 propinavit
560 380 685 419 Bitiae
714 379 973 430 pulcherrima
1004 379 1111 417 Dido

231 485 233 487 ,
260 447 299 485 in
328 454 470 497 patera,
504 445 670 496 Phrygio
699 458 789 483 cum
819 445 910 482 data
939 457 1036 483 cena
1065 443 1146 481 viro
1180 444 1261 481 est.'

208 511 373 549 Miratus
403 510 518 549 fueris
548 523 637 548 cum
669 509 794 559 prisca
823 516 1040 547 toreumata
1071 509 1247 553 multum,

260 576 298 613 in
330 574 471 613 Priami
501 574 663 613 calathis
693 576 930 622 Astyanacta
960 572 1081 612 bibes.

722 656 804 692 VII

210 730 299 766 Hoc
328 741 440 776 agere
470 734 527 765 est
558 738 705 772 causas,
738 726 813 763 hoc
843 725 983 771 dicere,
1017 724 1154 770 Cinna,
1187 723 1339 768 diserte,

259 792 374 839 horis,
407 791 545 837 Cinna,
578 792 717 829 decem
748 789 877 828 dicere
907 790 1024 828 verba
1054 791 1228 827 novem?

205 859 273 896 sed
305 858 425 895 modo
455 857 676 906 clepsydras
707 854 853 904 ingenti
883 868 979 893 voce
1008 853 1138 904 petisti

259 929 451 971 quattuor.
512 921 547 959 O
578 928 780 970 quantum,
815 919 953 966 Cinna,
985 927 1112 957 tacere
1142 920 1276 968 potes!

713 1003 817 1039 VIII

208 1073 447 1123 Principium
477 1074 557 1118 des,
592 1073 698 1118 Iane,
731 1071 820 1109 licet
850 1070 1050 1109 velocibus
1084 1069 1196 1107 annis

260 1146 298 1176 et
328 1151 490 1176 renoves
519 1138 626 1175 voltu
657 1137 811 1174 saecula
840 1137 956 1185 longa
985 1142 1066 1181 tuo,

208 1210 245 1240 te
275 1202 443 1252 primum
474 1202 538 1251 pia
567 1209 651 1239 tura
681 1208 827 1250 rogent,
860 1207 897 1238 te
926 1208 1016 1238 vota
1045 1201 1224 1244 salutent,

260 1280 429 1316 purpura
460 1274 496 1304 te
525 1265 626 1311 felix,
658 1273 695 1303 te
724 1266 826 1303 colat
855 1264 983 1302 omnis
1013 1265 1165 1301 bonos:

207 1339 248 1369 tu
279 1339 410 1369 tamen
441 1332 516 1368 hoc
547 1330 680 1376 mavis,
713 1329 847 1367 Latiae
877 1330 985 1378 quod
1014 1328 1177 1377 contigit
1210 1328 1295 1366 urbi

263 1409 396 1434 mense
427 1403 493 1433 tuo
523 1396 720 1442 reducem,
755 1396 860 1440 Iane,
892 1393 1023 1432 videre
1052 1394 1181 1431 deum.

735 1483 793 1519 IX

209 1554 366 1592 Solvere
396 1554 629 1590 dodrantem
661 1565 784 1601 nuper
813 1551 894 1597 tibi,
927 1550 1087 1600 Quinte,
1118 1549 1274 1588 volebat

262 1617 389 1667 lippus
421 1619 556 1666 Hylas,
589 1619 718 1655 luscus
748 1618 829 1654 vult
857 1617 950 1655 dare
979 1614 1198 1653 dimidium.

211 1682 347 1731 accipe
376 1695 494 1731 quam
526 1681 719 1730 primum;
755 1681 881 1719 brevis
911 1688 968 1718 est
997 1680 1152 1718 occasio
1183 1679 1299 1717 lucri:

262 1745 293 1783 si
323 1745 436 1783 fuerit
465 1759 616 1791 caecus,
649 1745 701 1782 nil
731 1745 801 1783 tibi
830 1746 954 1783 solvet
985 1746 1120 1793 Hylas.

213 1896 318 1934 Emit
348 1898 520 1935 lacernas
552 1896 708 1934 milibus
738 1897 877 1934 decem
909 1897 1051 1933 Bassus

211 1961 346 2010 Tyrias
376 1961 516 1999 coloris
546 1961 694 2011 optimi.
756 1960 976 1999 Lucrifecit.

215 2027 354 2064 ‘Adeo
383 2027 485 2064 bene
514 2026 659 2064 emit?'
690 2026 831 2076 inquis.
883 2027 1013 2063 Immo
1042 2039 1121 2063 non
1152 2026 1285 2063 solvet.

260 2139 293 2159 11
321 2128 387 2169 est]
408 2134 440 2159 et
459 2130 506 2159 CA
664 2139 701 2159 12
726 2130 903 2169 uiuiusque
923 2129 967 2160 CA
1126 2139 1162 2167 13
1186 2128 1287 2159 uitiae
1307 2129 1352 2160 CA
1371 2129 1435 2170 (tle.
1455 2129 1529 2168 bit-)

216 2173 466 2245 15tilie5isb33
595 2174 634 2203 16
657 2173 789 2246 chalcitgs
807 2173 913 2213 (Λεὼ)
933 2172 980 2203 ΕΑ
1069 2173 1155 2202 biles
1174 2172 1223 2202 CA

355 2226 386 2245 m
408 2239 415 2246 .
548 2227 567 2254 4
592 2221 703 2255 potest

253 2259 334 2289 VIII
361 2269 380 2297 3
404 2260 499 2289 turba
517 2264 611 2297 roget
630 2260 682 2289 ΒΑ
699 2271 706 2290 :
730 2264 802 2290 tura
818 2264 939 2298 rogent
958 2259 1005 2289 CA
1118 2268 1201 2289 uoce
1219 2259 1338 2289 salutet
1355 2259 1408 2288 BA
1423 2269 1428 2287 τ
1455 2263 1532 2289 uota

215 2303 361 2332 salutent
381 2302 427 2332 CA
560 2312 578 2340 5
603 2303 692 2333 urbis
711 2303 757 2333 CA

190 2364 203 2376 2
259 2345 307 2375 IX
331 2345 402 2376 lmb.
422 2345 454 2374 R
540 2355 559 2374 2
584 2346 710 2386 luscus]
731 2346 836 2376 lucius
854 2346 901 2376 CA

257 2388 289 2419 X
317 2398 329 2418 1
357 2388 517 2419 militibus
536 2388 583 2419 CA
714 2399 732 2428 3
757 2389 855 2419 soluit
872 2389 924 2419 ΒΑ
943 2389 1017 2429 (pro
1035 2389 1116 2428 -et2)
1133 2398 1140 2419 t
1167 2388 1275 2419 soluet
1294 2387 1341 2418 CA
