1684 2763
756 140 1015 178 EPIGRAM
1023 140 1225 179 MATON
1258 141 1361 178 LIB.
1396 141 1452 177 IV

123 252 186 290 dic
216 251 282 289 ubi
313 251 361 290 sit
391 251 534 298 decies,
566 259 690 289 mater
719 252 827 300 quod
857 264 972 289 avara
1000 251 1166 301 reliquit.

177 318 384 367 Nusquam
415 324 496 355 est:
535 316 661 355 fecisti
690 330 784 363 rem,
817 316 926 363 Line,
958 316 1168 355 difficilem.

598 389 755 426 LXVII

125 461 346 517 Praetorem
377 472 526 508 pauper
554 466 714 497 centum
744 458 920 497 sestertia
950 460 1105 497 Gaurus

160 522 315 562 'orabat
344 537 442 562 cana
472 532 590 562 notus
619 523 802 571 amicitia,

123 589 361 639 dicebatque
391 588 470 627 suis
500 591 597 627 haec
627 597 780 627 tantum
811 590 925 628 desse
955 589 1151 637 trecentis,

178 662 219 692 ut
248 662 381 704 posset
412 654 577 693 domino
606 656 794 704 plaudere
824 654 948 693 iustus
979 668 1110 704 eques.

124 728 279 768 praetor
306 719 358 758 ait
391 720 499 758 ‘Seis
530 734 592 758 me
622 722 772 770 Scorpo
801 721 1025 770 Thalloque
1055 721 1251 767 daturum,

176 792 296 834 atque
325 785 475 823 utinam
507 793 666 823 centum
697 785 803 823 milia
833 786 916 823 sola
944 786 1105 823 darem.’

124 852 186 887 Ah
218 851 341 900 pudet
371 850 554 900 ingratae,
586 852 710 900 pudet
739 851 789 889 ah
820 852 922 888 male
952 849 1083 888 divitis
1113 864 1236 888 arcae.

178 917 285 965 quod
317 929 396 954 non
427 916 483 954 vis
514 915 646 966 equiti,
679 916 736 954 vis
766 917 870 963 dare,
903 924 1069 965 praetor,
1104 917 1240 966 equo?

591 988 773 1024 LXVIII

126 1057 273 1094 Invitas
303 1065 463 1095 centum
494 1057 780 1107 quadrantibus
810 1065 848 1096 et
878 1058 980 1096 bene
1011 1071 1139 1096 cenas.

177 1123 230 1160 Vt
261 1135 400 1160 cenem
431 1122 583 1170 invitor,
615 1124 743 1170 Sexte,
774 1136 824 1161 an
855 1131 897 1161 ut
926 1122 1159 1162 invideam?

610 1196 746 1232 LXIX

125 1266 186 1302 Tu
217 1264 350 1303 Setina
380 1265 541 1315 quidem
571 1279 727 1315 semper
755 1267 816 1303 vel
848 1264 1021 1303 Massica
1049 1265 1176 1315 ponis,

180 1329 336 1377 Papyle,
368 1329 438 1366 sed
468 1341 601 1366 rumor
630 1336 709 1366 tam
740 1329 846 1366 bona
875 1327 966 1366 vina
994 1335 1134 1378 negat:

125 1392 265 1431 diceris
295 1394 370 1431 hac
399 1395 524 1432 factus
554 1395 710 1444 caeleps
740 1401 878 1443 quater
907 1407 992 1432 esse
1021 1395 1173 1443 lagona.

182 1459 267 1496 Nee
297 1466 394 1508 puto
424 1472 498 1498 nec
528 1460 658 1506 credo,
692 1461 849 1509 Papyle,
881 1472 955 1497 nec
984 1458 1085 1497 sitio.

629 1532 741 1567 LXX

127 1600 235 1638 Nihil
266 1600 480 1638 Ammiano
510 1609 663 1650 praeter
691 1600 841 1639 aridam
871 1609 1013 1639 restem

128 1665 298 1704 moriens
328 1665 482 1715 reliquit
513 1665 659 1704 ultimis
689 1674 798 1716 pater
827 1666 935 1704 ceris.

127 1730 207 1769 fieri
237 1739 391 1780 putaret
420 1744 536 1781 posse
565 1731 664 1781 quis,
697 1731 918 1778 Marulline‚

128 1804 168 1834 ut
199 1795 434 1834 Ammianus
465 1803 664 1834 mortuum
694 1803 845 1845 patrem
875 1797 1030 1834 nollet?

613 1869 748 1905 LXXI

129 1938 288 1981 Quaero
318 1932 386 1971 diu
417 1940 552 1979 totam,
584 1932 737 1971 Safroni
768 1933 882 1979 Rufe,
915 1945 984 1982 per
1012 1932 1162 1979 urbem,

184 1997 213 2035 si
244 2011 321 2047 qua
351 1999 481 2047 puella
511 2006 654 2048 neget:
694 1999 801 2036 nulla
830 1999 960 2048 puella
991 2005 1117 2047 negat.

175 2111 211 2140 17
237 2112 341 2131 auara
367 2102 426 2131 ΑΑ
457 2102 554 2141 (auar
584 2101 630 2142 T)
652 2101 724 2132 CA:
748 2112 859 2132 amara
888 2102 941 2131 BA
1287 2100 1416 2131 LXVII
1448 2112 1459 2130 1

128 2145 256 2176 sitertia
272 2145 326 2175 BA
436 2155 540 2184 gaure
553 2145 598 2175 CA
784 2157 803 2176 2
828 2156 904 2176 cara
920 2145 975 2175 BA
991 2156 998 2175 ε
1023 2155 1106 2175 cana
1127 2145 1174 2175 CA
1308 2156 1326 2182 4
1353 2144 1462 2174 iussus

128 2189 202 2218 BA:
228 2189 337 2219 iustus
356 2188 403 2219 CA
538 2199 555 2227 5
574 2189 747 2228 thalioque
763 2189 817 2219 BA
946 2200 962 2228 7
988 2199 1084 2219 arces
1099 2188 1144 2219 CA
1279 2189 1299 2218 8
1325 2198 1393 2218 non
1412 2187 1462 2217 uis

129 2232 181 2261 BA
197 2243 204 2262 ε
229 2243 296 2263 non
315 2233 374 2263 das
389 2231 435 2262 CA
601 2233 747 2263 LXVIII
773 2233 844 2263 lmb.
863 2233 897 2264 Τ.
948 2233 1036 2263 Cum
1051 2232 1176 2262 LXVII
1191 2231 1282 2270 const.
1300 2231 1354 2261 ΒΑ
1448 2241 1458 2259 1

130 2275 256 2305 inuitus
292 2276 321 2306 T
496 2276 611 2306 LXIX
634 2277 707 2307 lzab.
733 2277 762 2307 T
901 2286 914 2306 1
950 2276 1090 2306 marsica
1120 2276 1198 2306 BA:
1239 2275 1380 2305 mersica
1416 2274 1461 2304 (A

131 2324 229 2356 potas
245 2319 304 2348 ΑΑ
321 2331 328 2350 2
352 2319 452 2358 ponis
468 2319 574 2350 ΒΑΕᾺ
682 2331 713 2360 2,
734 2332 753 2360 4
781 2321 956 2360 Pamphile
975 2320 1049 2351 Ital.
1153 2329 1172 2348 2
1196 2329 1310 2349 rumor
1327 2323 1377 2349 est
1397 2323 1461 2348 tam

133 2361 178 2392 CA
247 2363 352 2403 bona]
370 2363 460 2393 bene
478 2366 514 2393 ut
530 2363 591 2394 vid.
610 2363 664 2393 BA
878 2364 976 2394 LXX
1006 2373 1017 2393 1
1046 2363 1214 2393 mamiano
1230 2362 1284 2392 BA
1374 2371 1393 2391 2
1412 2371 1461 2390 re-

131 2405 251 2444 linquit
264 2406 314 2445 lf
373 2418 391 2444 4
419 2407 640 2438 mammianus
656 2407 710 2438 BA
876 2407 990 2437 LXXI
1015 2405 1159 2438 lzab.TR
1228 2415 1242 2435 1
1271 2405 1385 2436 orbem
1403 2404 1461 2432 ΑΛ
