1684 2763
729 130 1195 168 EPIGRAMMATON
1228 130 1329 167 LIB.
1363 129 1443 167 XII

120 243 150 281 si
181 250 218 281 te
248 255 333 280 rure
362 241 438 280 coli
467 240 678 290 viridisque
707 240 871 290 pudebit
899 241 950 278 ad
979 253 1073 286 ara&

173 307 240 357 qui
270 309 396 345 fueras
427 306 538 344 Latia
566 307 694 344 cultus
724 306 762 343 in
793 306 889 344 urbe
919 305 1037 343 mihi:

119 374 171 411 da
199 372 353 411 veniam
384 371 525 410 servire
555 371 651 409 meis
681 372 790 421 quod
819 372 913 409 nolo
945 370 1137 409 Kalendis
1430 385 1446 418 5

173 445 211 476 et
241 451 319 487 qua
347 451 433 475 sum
462 436 616 486 genitus
645 436 773 474 vivere
802 438 889 474 luce
918 438 1019 474 volo.

121 502 252 541 Natali
281 503 425 552 pallere
454 515 537 550 suo,
569 516 619 540 ne
647 503 761 540 calda
790 502 947 540 Sabello
1183 496 1295 553 [LXb

173 566 299 615 desit3
338 574 376 605 et
406 574 447 605 ut
475 567 670 616 liquidum
700 574 809 617 potet
839 568 994 604 Alauda
1024 577 1185 612 merum,

120 632 277 670 turbida
306 631 473 670 sollicito
503 632 762 670 transmittere
793 631 980 671 Caecuba
1008 644 1149 677 sacco3

172 704 291 746 atque
320 697 420 735 inter
449 711 603 735 mensas
633 697 687 735 ire
716 697 841 735 redire
871 710 984 743 suas;
1413 709 1449 732 ιο

119 761 298 811 excipere
327 763 400 800 hos
430 761 515 800 illos
545 770 583 800 et
613 770 695 800 tota
724 775 878 811 surgere
907 775 1006 799 cena

174 840 367 864 marmora
397 828 614 865 caicantem
646 826 842 876 frigidiora
870 828 982 875 gelu:

120 905 222 941 quae
252 891 349 930 ratio
378 899 436 930 est
466 893 563 930 haee
592 899 733 941 sponte
762 905 832 929 sua
860 893 1027 941 perferre
1057 889 1227 940 patique,

173 970 274 1006 quae
303 964 341 995 te
371 956 402 994 si
431 957 563 995 iubeat
592 970 657 995 rex
685 956 962 1006 dominusque,
993 958 1140 1006 neges?

629 1041 723 1077 LXI

229 1105 375 1142 Versus
406 1111 443 1142 et
474 1103 590 1142 breve
620 1103 874 1153 vividumque
904 1115 1062 1142 carmen

227 1168 267 1206 in
296 1176 334 1207 te
363 1181 413 1206 ne
441 1168 581 1206 faciam
611 1168 736 1215 times,
769 1168 940 1218 Ligurra,

228 1241 266 1271 et
295 1232 436 1283 dignus
466 1233 577 1283 cupis
607 1235 683 1272 hoc
713 1240 820 1271 metu
850 1233 984 1272 videri.

228 1299 297 1336 sed
327 1299 466 1336 frustra
496 1298 637 1336 metuis
666 1298 857 1348 cupisque
886 1300 1035 1336 frustra.

231 1364 278 1400 In
310 1371 440 1401 tauros
472 1363 609 1412 Libyci
639 1371 757 1401 ruunt
786 1366 933 1410 leones,
1433 1379 1449 1410 5

229 1440 309 1465 non
340 1436 430 1465 sunt
460 1428 724 1478 papilionibus
756 1428 921 1467 molesti.

230 1493 406 1540 Quaeras
436 1507 591 1540 censeo,
623 1493 654 1531 si
683 1493 757 1543 legi
786 1494 952 1539 laboras,

228 1557 325 1607 nigri
354 1557 512 1596 fornicis
542 1558 694 1596 ebrium
724 1566 894 1608 poetam,

229 1622 296 1672 qui
326 1624 497 1661 carbone
526 1623 612 1661 rudi
641 1623 824 1673 putrique
853 1631 958 1661 creta

229 1687 363 1725 scribit
393 1688 566 1726 carmina
596 1702 696 1738 quae
726 1690 860 1737 legunt
889 1695 1081 1726 cacantes.
1414 1702 1453 1725 ιο

231 1754 353 1791 Frons
383 1754 481 1791 haec
511 1753 691 1803 stigmate
720 1767 801 1791 non
831 1767 921 1791 meo
950 1753 1125 1791 notanda
1154 1759 1223 1790 est.

620 1834 738 1872 LXII

123 1898 288 1948 Antiqui
317 1912 382 1937 rex
412 1911 553 1949 magne
582 1900 662 1950 poli
692 1900 910 1950 mundique
938 1898 1087 1950 prioris,

175 1964 249 2001 sub
278 1976 359 2013 quo
387 1964 495 2014 pigra
523 1965 633 2014 quies
664 1978 737 2003 nec
766 1966 877 2004 labor
905 1965 1006 2003 ullus
1036 1972 1127 2010 erat,

165 2075 185 2104 3
210 2067 338 2105 pigebit
361 2066 437 2098 BA:
465 2068 603 2106 pudebit
629 2067 678 2097 CA
766 2069 808 2098 ad
826 2078 892 2099 om.
915 2065 963 2099 CA
1074 2077 1092 2106 5
1119 2066 1203 2098 meis
1219 2066 1296 2099 ΒΑῖ
1320 2069 1384 2098 tuis
1405 2068 1452 2099 ΕΑ

125 2119 208 2148 7-14
234 2120 306 2141 nov.
326 2110 424 2150 epigr.
445 2111 478 2140 in
495 2111 597 2150 (mid.y
607 2112 688 2151 foa'l.
709 2114 804 2142 recle:
831 2112 999 2142 coniunxit
1015 2109 1175 2141 Gruterus
1350 2122 1367 2150 7
1392 2122 1453 2142 sua

125 2152 222 2191 (EA)
240 2153 290 2182 vel
302 2163 365 2183 suo
382 2154 429 2183 CA
589 2165 628 2184 10
650 2155 716 2195 ire]
743 2155 770 2185 si
795 2155 884 2185 forte
903 2159 938 2185 ut
953 2155 1015 2186 vid.
1038 2155 1086 2185 CA
1103 2156 1227 2194 (pmec.
1249 2154 1282 2195 s)
1305 2155 1348 2193 (si
1367 2155 1452 2185 sorte

124 2195 198 2229 EA,
219 2196 306 2226 forte
323 2195 406 2238 XV)
424 2198 499 2237 (pro
523 2198 578 2228 ife
591 2199 635 2238 2):
664 2203 755 2228 sorte
772 2198 845 2228 Ital.
945 2208 980 2229 11
1007 2199 1070 2228 hoc
1091 2197 1139 2228 CA
1238 2209 1275 2236 14
1300 2199 1357 2229 tibi
1375 2198 1430 2228 BA
1447 2210 1452 2227 1

125 2244 157 2269 te
178 2238 227 2269 CA
747 2240 825 2271 LXI
850 2242 923 2273 lzab.
944 2241 973 2272 T
1060 2253 1072 2272 1
1100 2241 1182 2281 que]
1197 2247 1230 2271 et
1242 2243 1303 2271 ΑΑ
1433 2251 1453 2279 3

125 2282 248 2321 dignos
265 2305 271 2313 .
292 2305 299 2312 .
319 2306 326 2313 .
348 2282 464 2314 uidere
480 2284 528 2314 CA
716 2294 735 2322 5
760 2289 861 2315 ruunt
877 2284 989 2316 ΑΑίἊ
1007 2297 1014 2315 z
1037 2285 1183 2315 fremunt
1200 2284 1255 2313 ΒΑ
1435 2293 1451 2322 7

125 2335 247 2364 quares
269 2325 297 2355 T
402 2327 421 2356 8
445 2327 591 2368 ebrium]
604 2327 753 2358 seruium
776 2328 804 2358 T
824 2334 939 2368 (praec.
961 2329 993 2367 s)
1014 2341 1020 2359 :
1045 2329 1240 2366 ebriumque
1260 2328 1309 2358 CA
1414 2336 1454 2357 10

125 2369 278 2399 scribunt
295 2369 432 2399 crimina
454 2369 485 2400 T
615 2382 678 2410 qua
703 2372 749 2402 T:
780 2382 866 2411 quae
884 2372 959 2401 EA:
991 2373 1048 2410 qui
1068 2369 1169 2411 (XV)
1189 2372 1239 2401 vel
1251 2381 1337 2410 quae
1357 2370 1452 2410 (EA)

127 2411 174 2441 CA
611 2413 707 2444 LXII
733 2425 752 2444 2
776 2415 837 2445 sub
854 2415 938 2456 quo]
955 2423 1074 2445 somno
1095 2414 1142 2445 CA

169 2465 274 2486 MART.
293 2465 344 2485 ΕΡ.
1326 2456 1367 2485 24
