1684 2763
793 151 1263 191 EPIGRAMMATON
1294 153 1396 190 LIB.
1430 154 1465 189 X

241 257 472 305 Gaditanus,
505 258 631 306 Avite‚
664 259 769 298 dicat
798 259 914 308 istud,

241 322 308 372 qui
337 322 471 361 scribit
500 323 597 361 nihil
626 331 665 362 et
695 332 827 363 tamen
858 332 975 375 poeta
1004 333 1072 365 est.

643 436 746 475 CIII

134 515 369 566 Municipes,
402 518 580 567 Augusta
609 517 705 555 mihi
734 531 834 567 quos
866 518 1017 557 Bilbilis
1046 519 1125 557 acri

186 589 320 620 monte
350 589 464 629 creat,
496 581 641 632 rapidis
671 596 790 632 quern
820 584 911 622 Salo
940 583 1061 633 cingit
1089 584 1210 634 aquis,

131 646 274 696 ecquid
304 648 405 685 laeta
434 647 539 685 iuvat
567 647 683 686 vestri
713 661 780 687 vos
810 648 931 698 gloria
960 649 1089 687 vatis?

185 725 276 750 nam
307 713 428 751 decus
457 719 495 750 et
524 726 672 751 nomen
703 714 886 763 famaque
915 722 1042 752 vestra
1071 727 1218 761 sumus,

131 790 204 814 nec
233 790 304 814 sua
332 778 420 827 plus
449 777 569 815 debet
598 777 706 815 tenui
736 779 895 816 Verona
925 780 1082 818 Catullo
1447 796 1463 825 5

186 855 328 891 meque
358 841 450 880 velit
479 841 557 880 dici
587 855 668 880 non
699 842 828 880 minus
858 843 923 881 illa
953 857 1080 882 suum.

132 908 330 955 Quattuor
357 907 522 945 accessit
552 906 748 945 tricesima
778 908 970 946 messibus
1000 917 1137 955 aestas,

186 980 227 1010 ut
256 971 339 1010 sine
370 985 432 1010 me
463 971 595 1011 Cereri
626 972 769 1011 rustica
797 972 876 1011 liba
905 973 1017 1020 datis,

132 1036 289 1075 moenia
317 1037 413 1075 dum
443 1036 610 1075 colimus
640 1037 826 1076 dominae
856 1038 1118 1087 pulcherrima
1149 1040 1329 1077 Romae:

186 1109 384 1140 mutavere
414 1115 520 1139 meas
553 1103 652 1140 Itala
680 1115 798 1153 regna
827 1116 972 1141 comas.
1428 1119 1465 1142 10

133 1165 321 1216 Excipitis
351 1165 506 1217 placida
535 1167 722 1205 reducem
752 1167 783 1205 si
814 1175 956 1214 mente,
989 1167 1168 1206 venimus
1184 1183 1192 1215 3

183 1244 319 1282 aspera
349 1231 380 1270 si
408 1231 539 1281 geritis
568 1233 698 1280 corda,
730 1232 855 1271 redire
885 1232 987 1271 licet.

641 1342 738 1381 CIV

240 1425 257 1462 Ι
288 1431 423 1462 nostro
452 1437 597 1471 comes,
630 1423 651 1471 i,
684 1423 825 1470 libelle,
860 1425 979 1463 Flavo

237 1491 400 1539 longum
429 1502 498 1539 per
527 1502 643 1535 mare,
676 1489 745 1526 sed
775 1488 940 1527 faventis
970 1489 1110 1535 undae,

238 1562 276 1592 et
305 1567 421 1592 cursu
451 1553 553 1592 facili
583 1553 738 1603 tuisque
767 1553 893 1592 ventis

240 1619 445 1668 Hispanae
473 1626 563 1668 pete
592 1618 824 1656 Tarraconis
853 1631 988 1657 arces:

238 1684 345 1722 illinc
375 1692 412 1722 te
442 1692 526 1722 rota
555 1685 664 1722 tollet
694 1691 732 1722 et
761 1683 901 1721 citatus
1445 1699 1462 1730 5

237 1751 355 1788 altam
388 1749 548 1787 Bilbilin
578 1756 616 1787 et
645 1756 756 1787 tuum
787 1750 971 1787 Salonem

237 1814 376 1864 quinto
405 1813 566 1852 forsitan
596 1815 736 1852 essedo
766 1813 928 1852 videbis.

239 1879 348 1928 Quid
378 1880 564 1918 mandem
594 1878 665 1918 tibi
695 1878 878 1928 quaeris?
934 1881 988 1916 Vt
1018 1879 1174 1917 sodales

238 1957 396 1995 paucos,
429 1945 499 1983 sed
528 1952 678 1983 veteres
708 1952 746 1982 et
775 1952 866 1982 ante
896 1944 1054 1982 brumas

238 2009 393 2059 triginta
423 2008 518 2047 mihi
547 2017 811 2059 quattuorque
840 2009 944 2047 visos
1427 2023 1464 2044 10

590 2117 619 2137 at

175 2156 194 2184 3
219 2146 299 2176 dicit
315 2150 348 2176 at
365 2145 425 2175 ΑΑ
442 2145 521 2185 (pro
537 2145 632 2186 dicit)

175 2188 256 2219 CIII
285 2199 298 2218 1
324 2194 467 2228 angusta
482 2188 537 2219 BA
636 2188 782 2229 Bilbilis]
802 2189 1005 2220 bilbilitanos
1023 2188 1071 2219 CA
1089 2188 1139 2227 (cs
1159 2189 1271 2219 [emm.
1288 2198 1335 2218 AD
1360 2198 1463 2218 mxum-

131 2242 228 2263 C11>Es
246 2234 506 2272 ss1L131L1TANos)
563 2233 632 2262 acri
647 2232 723 2263 Ital.
741 2243 748 2264 :
773 2233 844 2271 agri
862 2232 950 2263 codd.
1058 2243 1076 2263 2
1100 2232 1174 2263 sola
1192 2231 1240 2262 CA
1331 2242 1347 2270 7
1374 2242 1462 2261 mes-

133 2276 221 2306 tibus
239 2275 288 2305 CA
423 2276 443 2305 8
467 2276 592 2306 cereris
611 2276 660 2306 CA
677 2279 753 2314 (seq.
774 2278 805 2311 r)
943 2287 965 2316 9
988 2286 1081 2306 roma
1102 2275 1198 2314 (EA)
1216 2275 1264 2306 vel
1278 2285 1391 2305 romae
1414 2274 1463 2304 CA

176 2319 254 2349 CIV
281 2329 294 2349 1
322 2318 434 2349 libelle
453 2319 546 2356 (EA)
566 2319 639 2349 veli
658 2320 771 2349 libelle
792 2319 839 2349 CA
1008 2330 1027 2357 4
1052 2323 1146 2358 petet
1162 2329 1239 2349 corr.
1261 2324 1336 2357 pete
1355 2318 1407 2347 ΒΑ
1428 2322 1464 2346 nt

131 2362 193 2393 vid.
215 2364 290 2401 (seq.
309 2362 335 2400 t)
449 2364 470 2392 6
494 2366 583 2393 tuam
601 2362 751 2393 salonam
767 2362 823 2392 ΒΑ
932 2363 952 2393 8
976 2363 1156 2401 quaeriscit
1172 2372 1200 2393 s.
1224 2361 1273 2392 CA
1291 2361 1335 2400 (ci
1349 2365 1408 2400 pro
1425 2372 1459 2400 u>

131 2416 152 2445 9
176 2406 237 2437 sed
251 2405 325 2436 Ital.
342 2416 348 2435 :
372 2410 406 2436 et
421 2405 512 2437 codd.
602 2406 753 2437 brumam
772 2405 820 2436 CA
