1684 2763
755 132 1223 172 EPIGRAMMATON
1256 134 1359 171 LIB.
1393 134 1451 171 IX

124 246 284 284 Marcus
315 245 513 284 Palladiae
543 258 624 284 non
654 244 859 283 infitianda
885 246 1057 282 Tolosae

174 310 307 360 gloria,
337 324 456 361 quem
485 310 620 360 genuit
650 309 761 363 Pacis
790 311 951 347 alumna
980 310 1114 358 Quies.

122 382 163 413 tu
193 375 260 425 qui
290 377 405 426 longa
434 382 546 426 potes
576 374 785 425 dispendia
817 375 914 412 ferre
943 374 1104 421 viarum,
1435 393 1450 422 5

175 439 198 487 i,
230 439 336 486 liber,
367 440 542 478 absentis
572 440 713 490 pignus
742 439 947 478 amicitiae.

121 504 206 542 vilis
235 518 329 551 eras,
361 506 494 552 fateor,
526 505 557 543 si
587 512 625 544 te
655 519 761 543 nunc
791 504 961 543 mitteret
990 512 1170 554 emptor3

174 571 321 620 grande
351 570 406 608 tui
436 570 604 620 pretium
635 570 807 608 muneris
837 578 973 608 auctor
1003 570 1098 608 erit:

122 635 301 682 multum,
333 637 449 674 crede
479 635 585 682 mihi,
618 636 732 674 refert
761 649 784 674 a
813 637 920 674 fonte
950 636 1106 674 bibatur

175 713 277 749 quae
307 700 391 738 fluit
420 713 470 738 an
500 699 609 750 pigro
639 714 740 750 quae
770 708 900 751 stupet
930 702 1037 739 unda
1066 702 1163 739 lacu.
1416 716 1452 737 10

657 784 690 822 C

123 855 290 893 Denaris
320 855 442 893 tribus
473 855 611 893 invitas
642 863 680 894 et
710 869 825 894 mane
855 863 1030 906 togatum

175 920 381 959 observare
410 919 522 958 iubes
551 919 656 967 atria,
690 922 822 968 Basse,
854 928 930 967 tua,

121 984 267 1023 deinde
296 986 454 1023 haerere
484 992 553 1023 tuo
582 984 702 1032 lateri,
734 987 968 1034 praecedere
998 987 1144 1032 sellam,

175 1051 226 1088 ad
255 1049 392 1088 viduas
422 1058 552 1088 tecum
583 1051 670 1100 plus
701 1050 830 1088 minus
861 1050 915 1089 ire
944 1052 1095 1090 decem.

120 1114 230 1153 Trita
258 1114 420 1165 quidem
450 1114 565 1153 nobis
595 1117 728 1165 togula
756 1122 814 1153 est
844 1115 1009 1165 vilisque
1038 1123 1253 1165 vetusque:
1435 1132 1450 1161 5

174 1180 329 1219 denaris
359 1187 492 1218 tamen
520 1181 623 1218 hanc
652 1194 733 1218 non
763 1194 864 1227 emo,
898 1182 1028 1227 Basse,
1062 1180 1194 1218 tribus.

120 1332 261 1383 Appia,
292 1346 411 1383 quam
440 1333 557 1372 simili
585 1334 831 1372 venerandus
861 1333 900 1371 in
932 1335 1106 1372 Hercule
1137 1334 1281 1373 Caesar

174 1406 388 1445 consecrat,
421 1398 622 1437 Ausoniae
652 1398 822 1436 maxima
851 1400 955 1437 fama
984 1398 1080 1445 viae,

121 1462 152 1500 si
181 1462 291 1512 cupis
320 1462 486 1500 Alcidae
515 1475 753 1511 cognoscere
781 1463 883 1500 facta
911 1462 1058 1512 prioris,

174 1527 307 1566 disce:
348 1527 476 1577 Libyn
505 1527 659 1566 domuit
688 1541 850 1577 raraque
879 1540 998 1577 poma
1027 1526 1124 1573 tulit,

120 1593 306 1642 peltatam
337 1592 521 1642 Scythico
550 1592 733 1631 discinxit
761 1594 965 1630 Amazona
994 1593 1112 1638 nodo,

174 1656 328 1695 addidit
356 1657 528 1696 Arcadio
557 1665 663 1708 terga
691 1657 815 1696 leonis
844 1671 950 1707 apro,

119 1721 344 1772 aeripedem
374 1722 478 1760 silvis
508 1736 677 1770 cervum,
710 1722 1000 1772 Stymphalidas
1030 1721 1140 1759 astris

174 1786 344 1834 abstulit,
375 1801 398 1825 a
427 1787 557 1837 Stygia
586 1801 677 1826 cum
707 1801 804 1826 cane
834 1787 939 1826 venit
968 1800 1080 1836 aqua,

120 1852 331 1890 fecundam
361 1852 484 1890 vetuit
513 1852 680 1902 reparari
710 1852 901 1890 mortibus
932 1853 1108 1901 hydram,

176 1917 390 1967 Hesperias
419 1919 553 1956 Tusco
582 1917 675 1956 lavit
704 1917 744 1955 in
773 1931 890 1956 amne
920 1917 1051 1955 boves.
1414 1932 1451 1953 10

122 1983 237 2020 Haec
266 1981 395 2021 minor
423 1982 611 2021 Alcides:
650 1982 774 2021 maior
803 1996 904 2032 quae
933 1981 1094 2031 gesserit
1123 1981 1227 2027 audi,

175 2054 305 2085 sextus
335 2047 386 2085 ab
414 2047 571 2086 Albana
600 2061 718 2097 quem
749 2047 842 2086 colit
871 2060 959 2085 arce
988 2046 1096 2096 lapis.

165 2150 281 2181 XCIX
305 2161 325 2189 3
350 2151 508 2190 pallidiae
525 2151 625 2193 (EA)
643 2151 693 2181 vel
707 2152 776 2181 -ad-
796 2150 845 2181 CA
933 2151 1114 2181 infieiande
1130 2150 1185 2180 BA
1247 2150 1383 2181 iocosae
1402 2150 1451 2181 CA

122 2206 141 2232 4
164 2204 262 2233 quarn
280 2194 509 2225 Frz'ecllaemder
596 2195 723 2233 gemuit
741 2194 839 2232 (EA)
857 2194 907 2224 vel
920 2195 1035 2233 genuit
1053 2194 1102 2225 CA
1241 2195 1262 2224 6
1286 2194 1295 2224 i
1312 2205 1376 2224 om.
1397 2194 1451 2225 BA

122 2248 140 2276 7
166 2247 255 2267 nunc
273 2241 306 2267 te
323 2237 378 2267 ΒΑ
395 2249 402 2267 :
426 2242 459 2268 te
477 2248 567 2268 nunc
586 2237 635 2269 CA
701 2239 834 2268 mittere
852 2243 981 2277 tempto
1000 2237 1048 2268 CA
1148 2247 1186 2268 10
1210 2237 1271 2267 fuit
1286 2237 1382 2277 (EA)
1404 2238 1453 2268 vel

122 2281 194 2311 fluit
213 2280 276 2320 (X)
298 2280 346 2310 CA
518 2281 544 2312 C
569 2293 588 2320 4
614 2282 732 2311 uiduas
747 2280 822 2311 BA:
847 2281 979 2312 uetulas
998 2280 1046 2311 CA
1150 2291 1168 2320 5
1193 2286 1358 2319 uetusque
1374 2281 1450 2311 BA:

122 2324 296 2363 putrisque
315 2322 364 2354 CA
452 2325 473 2354 6
497 2335 564 2354 non
581 2336 646 2355 om.
670 2324 719 2355 CA
857 2324 901 2355 CI
929 2335 942 2354 1
969 2325 1002 2354 in
1020 2334 1084 2354 om.
1116 2323 1164 2354 CA
1254 2334 1273 2362 3
1297 2325 1325 2354 si
1351 2323 1447 2365 (Ei—ll,

122 2367 171 2397 vel
192 2367 240 2397 sie
263 2366 311 2397 CA
400 2377 418 2404 4
436 2377 576 2406 raraque
594 2368 649 2398 BA
665 2379 673 2398 t
696 2378 799 2398 aurea
817 2367 865 2398 CA
949 2378 965 2406 7
990 2377 1123 2398 ceruam
1140 2367 1212 2398 Ital.
1296 2369 1315 2397 8
1338 2377 1357 2396 a
1372 2367 1427 2396 BA
1444 2379 1450 2396 :

120 2410 162 2441 ab
182 2409 231 2440 CA
322 2419 361 2440 10
385 2410 404 2441 1.
425 2420 548 2442 namne
565 2412 668 2442 uobes
688 2412 721 2452 (i.
738 2422 760 2441 e.
780 2411 868 2449 bow]
892 2410 940 2441 CA
959 2415 995 2440 ut
1009 2410 1071 2442 vid.

165 2463 271 2485 MART.
292 2463 343 2484 ΕΡ.
1325 2453 1363 2483 18
