1684 2715
211 104 683 143 EPIGRAMMATON
714 104 887 142 LIBER

207 216 267 253 lex
296 222 387 262 erat,
418 217 469 254 ad
498 216 664 266 digitum
693 216 822 266 posita
849 229 1080 254 concurrere
1109 229 1243 266 parma
1259 231 1322 254 :—
1518 228 1536 261 5

260 281 370 330 quod
399 280 518 328 licuit,
550 283 681 320 lances
711 282 897 330 donaque
926 293 1044 330 saepe
1073 280 1193 319 dedit.

209 346 390 384 inventus
420 354 552 385 tamen
582 353 640 385 est
671 345 758 384 finis
788 345 1025 385 discriminis
1054 345 1195 396 aequi:

262 425 483 461 pugnavere
512 425 634 462 pares,
667 411 915 450 subcubuere
943 424 1066 461 pares.

209 476 311 514 misit
341 476 495 526 utrique
524 477 640 515 rudes
670 484 707 514 et
737 477 886 526 palmas
917 476 1062 515 Caesar
1090 475 1267 526 utrique:

261 543 337 579 hoc
367 542 534 591 pretium
564 541 683 579 virtus
713 541 916 590 ingeniosa
944 541 1041 579 tulit.
1501 557 1537 579 ιο

209 606 384 656 Contigit
414 608 490 644 hoc
520 608 629 645 nullo
659 606 732 644 nisi
763 614 800 644 te
830 607 903 644 sub
934 605 1121 656 principe,
1153 607 1320 645 Caesar:

260 685 350 709 cum
381 673 462 709 duo
492 679 721 721 pugnarent,
752 671 875 709 victor
904 678 1068 720 uterque
1098 670 1179 708 fuit.

731 760 847 796 XXX

208 829 375 867 Concita
406 831 560 868 veloces
590 830 737 879 sugeret
767 842 857 867 cum
888 830 1048 867 damma
1079 830 1278 867 Molossos

261 903 297 932 et
328 894 431 932 varia
460 897 584 933 lentas
614 902 787 933 necteret
815 902 896 932 arte
927 908 1065 941 moraS,

209 960 387 998 (nesciris
416 968 507 998 ante
537 961 659 1009 pedes
689 961 853 1009 supplex
882 959 1098 1009 similisque
1128 960 1277 1009 roganti

261 1025 447 1071 constitit,
479 1027 516 1063 ei
546 1026 731 1074 praedam
762 1038 841 1063 non
872 1024 1032 1074 tetigere
1060 1038 1188 1063 canes.

263 1156 359 1193 haec
389 1154 589 1193 intellecto
620 1154 795 1205 principe
825 1156 931 1192 dona
960 1154 1056 1192 tulit.

211 1221 370 1258 Numen
401 1221 520 1258 habet
551 1221 719 1259 Cacsar:
759 1233 867 1257 sacra
896 1227 954 1258 est
984 1221 1092 1266 haec,
1125 1233 1231 1258 sacra
1262 1228 1444 1270 potestas,

261 1285 432 1323 credite:
472 1284 626 1323 mentiri
657 1298 736 1323 non
767 1285 940 1323 didicere
970 1286 1083 1323 ferae.

604 1407 742 1443 XXXI
775 1406 973 1456 (XXXII)

215 1478 271 1513 Ι);ι
303 1476 455 1513 veniam
488 1476 650 1514 subitis:
691 1490 769 1514 non
801 1476 1047 1526 displicuisse
1078 1484 1257 1520 merctur,

263 1541 430 1587 festinat,
464 1542 618 1587 Caesar,
652 1541 718 1591 qui
749 1541 942 1591 placuisse
971 1541 1052 1579 tibi.

614 1629 776 1665 XXXII
810 1628 984 1678 (XXXI)

212 1699 364 1735 sedere
396 1697 531 1735 maiori
562 1697 713 1735 virtutis
744 1699 847 1736 fama
876 1699 1050 1737 secunda
1079 1706 1147 1736 est.

266 1763 328 1800 illu
358 1762 484 1812 gravis
514 1765 644 1812 palma
674 1771 742 1810 est,
775 1777 892 1813 quam
924 1764 1052 1802 minor
1081 1763 1203 1801 hostis
1233 1765 1362 1802 habet.

693 1886 879 1923 XXXIII

214 1955 343 1992 Flavia
371 1968 478 2003 gens,
511 1963 703 2004 quantum
734 1955 804 1993 tibi
835 1955 970 1993 tertius
999 1955 1159 1993 abstulit
1189 1956 1323 1993 heres!

265 2033 390 2068 paene
420 2019 491 2056 fuit
521 2019 629 2066 tanti,
662 2033 741 2057 non
773 2020 956 2058 habuisse
986 2021 1097 2058 duos.

256 2123 376 2153 XXIX
400 2134 419 2162 5
445 2124 571 2162 possita
587 2147 594 2154 .
614 2147 621 2153 .
641 2147 648 2154 .
669 2123 779 2162 palma
802 2122 867 2160 (H,
894 2123 942 2153 vel
964 2122 1105 2162 positam
1123 2147 1130 2153 .
1150 2147 1156 2154 .
1176 2147 1183 2154 .
1204 2123 1344 2162 palmam
1373 2122 1433 2162 (R)
1460 2123 1541 2153 AA:

212 2178 287 2197 corr.
311 2166 455 2207 lifagncr
607 2178 628 2206 9
651 2177 692 2197 m.
713 2167 862 2206 utrisque
879 2166 953 2206 (I{:
985 2167 1118 2206 ·iusque
1132 2166 1180 2205 R)
1197 2167 1276 2197 AA:
1303 2177 1383 2197 corr.
1398 2166 1545 2206 Scaliger

216 2221 227 2240 1
239 2221 319 2240 1-—12
344 2221 414 2240 nov.
439 2209 535 2250 epigr.
552 2210 628 2242 AA:
654 2221 732 2241 corr.
751 2209 898 2249 Scaliger
1029 2219 1063 2239 11
1090 2215 1122 2240 te
1140 2211 1202 2239 sub
1217 2209 1382 2250 Scaliger:
1406 2210 1462 2240 tibi
1480 2210 1540 2240 ΑΛ

257 2254 359 2283 XXX
384 2254 454 2284 lmb.
475 2253 547 2282 HR
636 2253 728 2283 Inter
742 2253 875 2283 XXVII
895 2257 924 2283 et
940 2253 1092 2283 XXVIII
1111 2253 1233 2282 arln'bet
1247 2253 1287 2283 H

258 2297 541 2327 XXXLXXXII
566 2297 814 2337 lmb.flon'legia
831 2296 996 2336 quasdam
1095 2296 1234 2327 XXXII
1261 2307 1274 2326 1
1300 2297 1432 2326 virtutis
1447 2295 1514 2327 edd.
1535 2308 1541 2325 ε

214 2341 329 2371 uirtuti
347 2340 433 2371 codd.

258 2383 411 2413 XXXIII
444 2388 496 2423 ap.
519 2381 738 2414 Scltoliastam
757 2383 791 2413 in
812 2382 922 2415 laven.
949 2382 1020 2414 Sat.
1047 2383 1087 2413 iv.
1114 2383 1165 2422 38.
1199 2383 1240 2413 In
1262 2383 1334 2422 fine
1362 2382 1412 2414 lib.
1443 2381 1538 2413 Xl”²²'

213 2428 342 2458 mllorat
359 2427 389 2456 F
387 2426 584 2457 m'cdlaender
