1684 2763
794 136 1002 173 EPIGRA
1011 137 1051 172 M
1060 136 1261 174 MA'I‘ON
1296 137 1396 172 LIB.
1429 136 1487 172 XI

160 247 235 284 hoc
265 259 425 295 quoque
456 259 534 284 non
565 259 670 292 curo,
703 247 811 294 quod
842 260 933 283 cum
965 260 1052 283 mea
1081 246 1254 284 carmina
1288 259 1437 295 carpas,

213 311 412 361 conpilas:
453 318 490 349 ct
520 311 586 357 sie,
619 325 735 361 verpe
769 319 897 360 poeta,
930 311 1043 360 sapis.

161 376 255 414 illud
287 390 349 414 me
379 376 535 422 cruciat,
568 376 735 426 Solymis
766 377 873 426 quod
905 384 1018 414 natus
1049 375 1087 413 in
1119 375 1211 426 ipsis
1477 393 1492 423 5

215 441 373 491 pedicas
404 455 579 491 puerum,
611 456 727 491 verpe
757 449 885 491 poeta,
919 455 1063 479 meum.

163 508 267 544 Ecce
297 521 414 557 negas
445 506 626 557 iurasque
658 507 752 544 mihi
783 521 851 556 per
881 508 1027 556 templa
1057 506 1262 544 Tonantis.

215 585 294 609 non
326 573 470 610 credo:
512 572 603 619 iura,
637 585 763 621 verpe,
798 586 865 622 per
896 571 1146 609 Anchialum.

164 734 354 772 Incideris
385 735 568 784 quotiens
599 734 637 772 in
669 735 777 772 basia
808 736 1040 781 fellatorum,

217 799 255 837 in
285 800 427 838 solium
458 808 552 850 puta
583 808 619 838 te
651 814 834 850 mergere,
869 802 1020 847 Flacce,
1053 807 1182 850 caput.

649 889 785 927 XCVI

166 958 437 1004 Marciaffnon
470 960 644 1005 Rhenus,
677 959 763 996 salit
793 958 866 1005 hic,
899 960 1119 997 Germane:
1155 958 1250 1008 quid
1280 965 1411 1008 opstas

219 1031 256 1061 et
287 1036 451 1072 puerum
481 1023 666 1073 prohibes
696 1023 826 1061 divitis
857 1023 981 1061 imbre
1011 1025 1151 1061 lacus?

165 1088 340 1135 barbare,
372 1101 452 1126 non
482 1088 612 1134 (lebet,
645 1096 845 1126 summoto
875 1088 970 1135 cive,
1003 1088 1180 1126 ministro

219 1153 413 1203 captivam
444 1152 578 1190 victrix
608 1154 715 1191 unda
744 1154 871 1191 levare
901 1153 1015 1191 sitim.

642 1235 800 1273 XCVII

167 1307 255 1342 Vna
284 1312 401 1343 nocte
432 1312 570 1355 quater
599 1318 789 1355 possum:
829 1305 898 1343 sed
929 1312 1113 1354 quattuor
1143 1304 1256 1342 annis

221 1369 253 1407 si
283 1383 459 1420 possum,
490 1383 659 1420 peream,
693 1378 730 1407 te
761 1369 946 1408 Telesilla
976 1371 1108 1407 semel.

635 1452 818 1490 XCVIII

170 1524 351 1572 Effugere
381 1536 461 1560 non
492 1530 562 1569 est,
595 1524 745 1568 Flaeee,
778 1521 1001 1560 basiatores.

169 1587 325 1634 instant,
358 1595 568 1633 morantur,
600 1594 865 1636 persecuntur,
898 1595 1108 1625 occurrunt

169 1660 207 1691 et
237 1652 329 1691 hinc
359 1660 396 1690 et
426 1652 541 1699 illinc,
574 1665 869 1702 usquequaque,
902 1665 1163 1701 quacumque.

170 1731 250 1756 non
281 1719 390 1756 uleus
419 1731 507 1756 acre
536 1719 747 1768 pusulaeve
777 1719 963 1763 lucentes,

171 1797 244 1822 nec
274 1783 380 1821 triste
411 1791 588 1822 mentum
619 1782 849 1832 sordidique
884 1782 1069 1828 lichenes,
1486 1797 1502 1828 5

171 1862 243 1887 nec
273 1849 380 1886 labra
408 1848 543 1898 pingui
572 1848 748 1886 delibuta
777 1855 921 1894 cerato,

173 1927 245 1951 nee
274 1913 469 1962 congelati
498 1921 608 1963 gutta
636 1912 809 1963 proderit
839 1912 934 1950 nasi.

172 1986 210 2016 et
238 1986 482 2016 aestuantem
514 1977 666 2016 basiant
696 1985 734 2015 et
764 1979 971 2026 algentem,

173 2051 210 2081 et
240 2043 414 2093 nuptiale
445 2042 597 2081 basium
627 2050 902 2081 reservantem.

218 2145 330 2177 XCIV
353 2156 373 2185 3
397 2151 465 2176 tum
485 2146 532 2177 CA
551 2147 602 2187 (tu
618 2145 663 2185 V)
740 2144 828 2185 mea]
847 2144 879 2175 in
900 2155 952 2175 me
976 2145 1005 2175 T
1086 2154 1205 2184 carpas
1214 2144 1274 2174 ΑΑ
1292 2144 1441 2183 (chartas
1464 2143 1505 2174 T]

176 2191 249 2220 BA:
274 2189 386 2229 carpis
405 2189 452 2220 CA
615 2201 634 2228 4
659 2190 802 2228 conpilis
821 2189 1005 2228 (ex-pulis)
1026 2188 1054 2218 T
1224 2189 1244 2217 8
1268 2188 1458 2218 anchaliurn
1482 2187 1511 2217 T

175 2233 284 2264 XCVI
303 2243 370 2264 om.
391 2233 440 2263 CA
453 2233 541 2265 (cum
558 2233 600 2273 Q)
631 2243 644 2263 1
672 2243 739 2263 non
756 2232 915 2271 Rhenus]
934 2230 1130 2262 inrenumL
1149 2231 1220 2271 (vix
1233 2231 1302 2271 BA)
1322 2231 1373 2271 (cf,
1392 2231 1502 2260 lemm.

175 2288 219 2308 DE
244 2286 378 2307 MARTIA
403 2286 550 2307 CAPTWA
575 2286 693 2307 MERSA
718 2286 754 2306 1N
778 2277 917 2309 RENvffi
987 2276 1102 2306 obstas
1119 2274 1185 2306 cod.
1318 2285 1338 2313 3
1363 2274 1505 2304 ministri

178 2321 364 2350 Gronovius
689 2320 816 2350 XCVII
843 2330 861 2349 2
885 2319 1045 2349 Telesina
1063 2319 1136 2349 BA:
1163 2317 1322 2348 Telesilla
1340 2318 1436 2358 <Th-j>
1460 2316 1508 2347 CA

175 2364 322 2394 XCVIII
353 2374 364 2394 1
393 2364 493 2393 flacce
510 2362 585 2394 BA:
610 2363 707 2393 basse
728 2362 776 2393 CA
794 2362 912 2403 <sedin
929 2363 1040 2393 lemm.
1059 2372 1105 2392 AD
1130 2362 1305 2400 FLAccvm)
1406 2372 1424 2399 4
1451 2360 1507 2389 nol

176 2407 270 2447 (EA)
290 2406 338 2437 vel
353 2417 419 2436 non
439 2406 488 2436 CA
594 2406 811 2446 pusisulaeue
830 2406 928 2445 <543
945 2406 994 2436 vel
1011 2405 1211 2445 pustulaeue
1227 2403 1345 2444 (XJCA
1488 2412 1506 2441 5

176 2451 401 2490 sordidaeque
420 2449 446 2479 L
562 2451 583 2479 6
607 2450 727 2480 dilibus
743 2454 877 2480 acerato
895 2448 944 2479 CA
