<?xml version="1.0" encoding="UTF-8"?>
<!DOCTYPE html PUBLIC "-//W3C//DTD XHTML 1.0 Transitional//EN"
    "http://www.w3.org/TR/xhtml1/DTD/xhtml1-transitional.dtd">
<html xmlns="http://www.w3.org/1999/xhtml" xml:lang="en" lang="en">
 <head>
  <title>
</title>
<meta http-equiv="Content-Type" content="text/html;charset=utf-8" />
  <meta name='ocr-system' content='tesseract 3.04.00' />
  <meta name='ocr-capabilities' content='ocr_page ocr_carea ocr_par ocr_line ocrx_word'/>
</head>
<body>
  <div class='ocr_page' id='page_1' title='image "./epigrammatarecog00martuoft/epigrammatarecog00martuoft_0271.png"; bbox 0 0 1684 2763; ppageno 0'>
   <div class='ocr_carea' id='block_1_1' title="bbox 447 555 1186 736">
    <p class='ocr_par' dir='ltr' id='par_1_1' title="bbox 447 555 1186 736">
     <span class='ocr_line' id='line_1_1' title="bbox 447 555 1186 604; baseline -0.001 -1"><span class='ocrx_word' id='word_1_1' title='bbox 447 558 514 604; x_wconf 87' lang='lat' dir='ltr'>M.</span> <span class='ocrx_word' id='word_1_2' title='bbox 565 555 725 603; x_wconf 85' lang='lat' dir='ltr'><strong>VAL.</strong></span> <span class='ocrx_word' id='word_1_3' title='bbox 778 555 1186 604; x_wconf 77' lang='lat' dir='ltr'><strong>MARTIALIS</strong></span> 
     </span>
     <span class='ocr_line' id='line_1_2' title="bbox 507 689 1114 736; baseline 0.002 -1"><span class='ocrx_word' id='word_1_4' title='bbox 507 689 1114 736; x_wconf 82' lang='lat' dir='ltr'>EPIGRAMMATON</span> 
     </span>
    </p>
   </div>
   <div class='ocr_carea' id='block_1_2' title="bbox 671 822 942 858">
    <p class='ocr_par' dir='ltr' id='par_1_2' title="bbox 671 822 942 858">
     <span class='ocr_line' id='line_1_3' title="bbox 671 822 942 858; baseline -0.004 0"><span class='ocrx_word' id='word_1_5' title='bbox 671 822 843 858; x_wconf 86' lang='lat' dir='ltr'>LIBER</span> <span class='ocrx_word' id='word_1_6' title='bbox 884 822 942 858; x_wconf 86' lang='lat' dir='ltr'>IX</span> 
     </span>
    </p>
   </div>
   <div class='ocr_carea' id='block_1_3' title="bbox 148 923 1481 1297">
    <p class='ocr_par' dir='ltr' id='par_1_3' title="bbox 148 923 1481 1297">
     <span class='ocr_line' id='line_1_4' title="bbox 206 923 1478 974; baseline 0.002 -14"><span class='ocrx_word' id='word_1_7' title='bbox 206 925 345 971; x_wconf 73' lang='lat' dir='ltr'>HAVE,</span> <span class='ocrx_word' id='word_1_8' title='bbox 376 923 428 961; x_wconf 90' lang='lat' dir='ltr'>mi</span> <span class='ocrx_word' id='word_1_9' title='bbox 463 923 621 970; x_wconf 90' lang='lat' dir='ltr'>Torani,</span> <span class='ocrx_word' id='word_1_10' title='bbox 655 925 771 962; x_wconf 85' lang='lat' dir='ltr'>frater</span> <span class='ocrx_word' id='word_1_11' title='bbox 805 923 1013 961; x_wconf 76' lang='lat' dir='ltr'>carissime.</span> <span class='ocrx_word' id='word_1_12' title='bbox 1076 923 1338 973; x_wconf 80' lang='lat' dir='ltr'>Epigramma,</span> <span class='ocrx_word' id='word_1_13' title='bbox 1372 927 1478 974; x_wconf 75' lang='lat' dir='ltr'>quod</span> 
     </span>
     <span class='ocr_line' id='line_1_5' title="bbox 149 987 1478 1038; baseline 0.002 -13"><span class='ocrx_word' id='word_1_14' title='bbox 149 996 253 1025; x_wconf 70' lang='lat' dir='ltr'>extra</span> <span class='ocrx_word' id='word_1_15' title='bbox 291 988 469 1026; x_wconf 75' lang='lat' dir='ltr'>ordinem</span> <span class='ocrx_word' id='word_1_16' title='bbox 505 988 734 1038; x_wconf 76' lang='lat' dir='ltr'>paginarum</span> <span class='ocrx_word' id='word_1_17' title='bbox 774 996 843 1035; x_wconf 84' lang='lat' dir='ltr'>est,</span> <span class='ocrx_word' id='word_1_18' title='bbox 876 989 927 1026; x_wconf 87' lang='lat' dir='ltr'>ad</span> <span class='ocrx_word' id='word_1_19' title='bbox 960 987 1187 1026; x_wconf 75' lang='lat' dir='ltr'>Stertinium</span> <span class='ocrx_word' id='word_1_20' title='bbox 1222 989 1478 1027; x_wconf 82' lang='lat' dir='ltr'>clarissimum</span> 
     </span>
     <span class='ocr_line' id='line_1_6' title="bbox 148 1052 1481 1103; baseline 0.002 -13"><span class='ocrx_word' id='word_1_21' title='bbox 148 1052 272 1091; x_wconf 81' lang='lat' dir='ltr'>virum</span> <span class='ocrx_word' id='word_1_22' title='bbox 307 1052 543 1103; x_wconf 83' lang='lat' dir='ltr'>scripsimus,</span> <span class='ocrx_word' id='word_1_23' title='bbox 581 1052 647 1102; x_wconf 85' lang='lat' dir='ltr'>qui</span> <span class='ocrx_word' id='word_1_24' title='bbox 682 1052 893 1102; x_wconf 77' lang='lat' dir='ltr'>imaginem</span> <span class='ocrx_word' id='word_1_25' title='bbox 928 1066 1055 1090; x_wconf 84' lang='lat' dir='ltr'>meam</span> <span class='ocrx_word' id='word_1_26' title='bbox 1090 1066 1237 1102; x_wconf 85' lang='lat' dir='ltr'>ponere</span> <span class='ocrx_word' id='word_1_27' title='bbox 1270 1054 1308 1091; x_wconf 89' lang='lat' dir='ltr'>in</span> <span class='ocrx_word' id='word_1_28' title='bbox 1344 1054 1481 1092; x_wconf 87' lang='lat' dir='ltr'>biblio—</span> 
     </span>
     <span class='ocr_line' id='line_1_7' title="bbox 149 1117 1480 1168; baseline 0.002 -14"><span class='ocrx_word' id='word_1_29' title='bbox 149 1119 262 1155; x_wconf 83' lang='lat' dir='ltr'>theca</span> <span class='ocrx_word' id='word_1_30' title='bbox 300 1131 369 1156; x_wconf 88' lang='lat' dir='ltr'>sua</span> <span class='ocrx_word' id='word_1_31' title='bbox 406 1118 539 1156; x_wconf 86' lang='lat' dir='ltr'>voluit.</span> <span class='ocrx_word' id='word_1_32' title='bbox 600 1120 662 1156; x_wconf 85' lang='lat' dir='ltr'>De</span> <span class='ocrx_word' id='word_1_33' title='bbox 701 1132 781 1167; x_wconf 86' lang='lat' dir='ltr'>quo</span> <span class='ocrx_word' id='word_1_34' title='bbox 829 1117 1082 1156; x_wconf 83' lang='lat' dir='ltr'>scribendum</span> <span class='ocrx_word' id='word_1_35' title='bbox 1127 1117 1197 1156; x_wconf 90' lang='lat' dir='ltr'>tibi</span> <span class='ocrx_word' id='word_1_36' title='bbox 1237 1119 1381 1168; x_wconf 87' lang='lat' dir='ltr'>putavi,</span> <span class='ocrx_word' id='word_1_37' title='bbox 1431 1133 1480 1157; x_wconf 88' lang='lat' dir='ltr'>ne</span> 
     </span>
     <span class='ocr_line' id='line_1_8' title="bbox 148 1183 1480 1234; baseline 0.002 -15"><span class='ocrx_word' id='word_1_38' title='bbox 148 1183 344 1232; x_wconf 77' lang='lat' dir='ltr'>ignorares</span> <span class='ocrx_word' id='word_1_39' title='bbox 382 1183 522 1221; x_wconf 89' lang='lat' dir='ltr'>Avitus</span> <span class='ocrx_word' id='word_1_40' title='bbox 561 1183 633 1221; x_wconf 85' lang='lat' dir='ltr'>iste</span> <span class='ocrx_word' id='word_1_41' title='bbox 671 1183 758 1233; x_wconf 90' lang='lat' dir='ltr'>quis</span> <span class='ocrx_word' id='word_1_42' title='bbox 787 1190 1003 1221; x_wconf 85' lang='lat' dir='ltr'>vocaretur.</span> <span class='ocrx_word' id='word_1_43' title='bbox 1071 1184 1170 1221; x_wconf 85' lang='lat' dir='ltr'>Vale</span> <span class='ocrx_word' id='word_1_44' title='bbox 1208 1192 1245 1222; x_wconf 84' lang='lat' dir='ltr'>et</span> <span class='ocrx_word' id='word_1_45' title='bbox 1285 1197 1376 1234; x_wconf 85' lang='lat' dir='ltr'>para</span> <span class='ocrx_word' id='word_1_46' title='bbox 1415 1186 1480 1221; x_wconf 87' lang='lat' dir='ltr'>ho-</span> 
     </span>
     <span class='ocr_line' id='line_1_9' title="bbox 149 1247 322 1297; baseline 0.006 -12"><span class='ocrx_word' id='word_1_47' title='bbox 149 1247 322 1297; x_wconf 86' lang='lat' dir='ltr'>spitium.</span> 
     </span>
    </p>
   </div>
   <div class='ocr_carea' id='block_1_4' title="bbox 149 1334 1262 1837">
    <p class='ocr_par' dir='ltr' id='par_1_4' title="bbox 149 1334 1056 1450">
     <span class='ocr_line' id='line_1_10' title="bbox 149 1334 1056 1385; baseline 0.001 -13"><span class='ocrx_word' id='word_1_48' title='bbox 149 1336 265 1381; x_wconf 83' lang='lat' dir='ltr'>Note,</span> <span class='ocrx_word' id='word_1_49' title='bbox 297 1334 386 1373; x_wconf 89' lang='lat' dir='ltr'>licet</span> <span class='ocrx_word' id='word_1_50' title='bbox 416 1335 529 1382; x_wconf 86' lang='lat' dir='ltr'>nolis,</span> <span class='ocrx_word' id='word_1_51' title='bbox 561 1335 719 1373; x_wconf 88' lang='lat' dir='ltr'>sublimi</span> <span class='ocrx_word' id='word_1_52' title='bbox 750 1343 909 1385; x_wconf 85' lang='lat' dir='ltr'>pectore</span> <span class='ocrx_word' id='word_1_53' title='bbox 938 1343 1056 1382; x_wconf 83' lang='lat' dir='ltr'>vates,</span> 
     </span>
     <span class='ocr_line' id='line_1_11' title="bbox 201 1399 1056 1450; baseline 0 -13"><span class='ocrx_word' id='word_1_54' title='bbox 201 1399 264 1437; x_wconf 88' lang='lat' dir='ltr'>cui</span> <span class='ocrx_word' id='word_1_55' title='bbox 293 1401 430 1438; x_wconf 81' lang='lat' dir='ltr'>referet</span> <span class='ocrx_word' id='word_1_56' title='bbox 459 1413 566 1438; x_wconf 85' lang='lat' dir='ltr'>serus</span> <span class='ocrx_word' id='word_1_57' title='bbox 596 1400 770 1450; x_wconf 88' lang='lat' dir='ltr'>praemia</span> <span class='ocrx_word' id='word_1_58' title='bbox 799 1399 918 1449; x_wconf 82' lang='lat' dir='ltr'>digna</span> <span class='ocrx_word' id='word_1_59' title='bbox 947 1399 1056 1446; x_wconf 87' lang='lat' dir='ltr'>cinis,</span> 
     </span>
    </p>

    <p class='ocr_par' dir='ltr' id='par_1_5' title="bbox 149 1463 1262 1578">
     <span class='ocr_line' id='line_1_12' title="bbox 149 1463 1262 1513; baseline 0.002 -13"><span class='ocrx_word' id='word_1_60' title='bbox 149 1465 223 1501; x_wconf 87' lang='lat' dir='ltr'>hoc</span> <span class='ocrx_word' id='word_1_61' title='bbox 252 1463 321 1501; x_wconf 88' lang='lat' dir='ltr'>tibi</span> <span class='ocrx_word' id='word_1_62' title='bbox 352 1464 425 1501; x_wconf 90' lang='lat' dir='ltr'>sub</span> <span class='ocrx_word' id='word_1_63' title='bbox 455 1472 587 1503; x_wconf 86' lang='lat' dir='ltr'>nostra</span> <span class='ocrx_word' id='word_1_64' title='bbox 617 1465 733 1502; x_wconf 84' lang='lat' dir='ltr'>breve</span> <span class='ocrx_word' id='word_1_65' title='bbox 762 1478 921 1502; x_wconf 84' lang='lat' dir='ltr'>carmen</span> <span class='ocrx_word' id='word_1_66' title='bbox 950 1463 1120 1513; x_wconf 81' lang='lat' dir='ltr'>imagine</span> <span class='ocrx_word' id='word_1_67' title='bbox 1149 1464 1262 1511; x_wconf 89' lang='lat' dir='ltr'>vivat,</span> 
     </span>
     <span class='ocr_line' id='line_1_13' title="bbox 201 1528 1111 1578; baseline -0.001 -12"><span class='ocrx_word' id='word_1_68' title='bbox 201 1542 319 1578; x_wconf 84' lang='lat' dir='ltr'>quam</span> <span class='ocrx_word' id='word_1_69' title='bbox 349 1542 430 1566; x_wconf 87' lang='lat' dir='ltr'>non</span> <span class='ocrx_word' id='word_1_70' title='bbox 460 1528 637 1566; x_wconf 84' lang='lat' dir='ltr'>obscuris</span> <span class='ocrx_word' id='word_1_71' title='bbox 667 1528 804 1578; x_wconf 83' lang='lat' dir='ltr'>iungis,</span> <span class='ocrx_word' id='word_1_72' title='bbox 837 1528 963 1575; x_wconf 87' lang='lat' dir='ltr'>Avite,</span> <span class='ocrx_word' id='word_1_73' title='bbox 996 1528 1111 1566; x_wconf 87' lang='lat' dir='ltr'>viris:</span> 
     </span>
    </p>

    <p class='ocr_par' dir='ltr' id='par_1_6' title="bbox 150 1593 1193 1707">
     <span class='ocr_line' id='line_1_14' title="bbox 150 1593 1193 1643; baseline 0.001 -13"><span class='ocrx_word' id='word_1_74' title='bbox 150 1594 244 1631; x_wconf 84' lang='lat' dir='ltr'>‘Ille</span> <span class='ocrx_word' id='word_1_75' title='bbox 273 1606 346 1643; x_wconf 83' lang='lat' dir='ltr'>ego</span> <span class='ocrx_word' id='word_1_76' title='bbox 375 1606 461 1630; x_wconf 88' lang='lat' dir='ltr'>sum</span> <span class='ocrx_word' id='word_1_77' title='bbox 492 1593 588 1630; x_wconf 89' lang='lat' dir='ltr'>nulli</span> <span class='ocrx_word' id='word_1_78' title='bbox 618 1606 808 1642; x_wconf 80' lang='lat' dir='ltr'>nugarum</span> <span class='ocrx_word' id='word_1_79' title='bbox 838 1594 955 1631; x_wconf 84' lang='lat' dir='ltr'>laude</span> <span class='ocrx_word' id='word_1_80' title='bbox 985 1594 1193 1640; x_wconf 84' lang='lat' dir='ltr'>secundus,</span> 
     </span>
     <span class='ocr_line' id='line_1_15' title="bbox 201 1657 1158 1707; baseline 0 -12"><span class='ocrx_word' id='word_1_81' title='bbox 201 1671 319 1707; x_wconf 86' lang='lat' dir='ltr'>quem</span> <span class='ocrx_word' id='word_1_82' title='bbox 349 1671 429 1695; x_wconf 88' lang='lat' dir='ltr'>non</span> <span class='ocrx_word' id='word_1_83' title='bbox 460 1657 607 1695; x_wconf 90' lang='lat' dir='ltr'>miraris</span> <span class='ocrx_word' id='word_1_84' title='bbox 637 1659 706 1696; x_wconf 82' lang='lat' dir='ltr'>sed</span> <span class='ocrx_word' id='word_1_85' title='bbox 737 1665 843 1707; x_wconf 87' lang='lat' dir='ltr'>puto,</span> <span class='ocrx_word' id='word_1_86' title='bbox 876 1659 1007 1704; x_wconf 86' lang='lat' dir='ltr'>lector,</span> <span class='ocrx_word' id='word_1_87' title='bbox 1039 1671 1158 1695; x_wconf 86' lang='lat' dir='ltr'>amas.</span> 
     </span>
    </p>

    <p class='ocr_par' dir='ltr' id='par_1_7' title="bbox 149 1722 1126 1837">
     <span class='ocr_line' id='line_1_16' title="bbox 149 1722 1126 1772; baseline 0 -12"><span class='ocrx_word' id='word_1_88' title='bbox 149 1722 313 1760; x_wconf 84' lang='lat' dir='ltr'>maiores</span> <span class='ocrx_word' id='word_1_89' title='bbox 343 1722 490 1760; x_wconf 85' lang='lat' dir='ltr'>maiora</span> <span class='ocrx_word' id='word_1_90' title='bbox 518 1730 683 1760; x_wconf 83' lang='lat' dir='ltr'>sonent:</span> <span class='ocrx_word' id='word_1_91' title='bbox 723 1722 817 1760; x_wconf 89' lang='lat' dir='ltr'>mihi</span> <span class='ocrx_word' id='word_1_92' title='bbox 848 1736 965 1772; x_wconf 85' lang='lat' dir='ltr'>parva</span> <span class='ocrx_word' id='word_1_93' title='bbox 993 1725 1126 1761; x_wconf 88' lang='lat' dir='ltr'>locuto</span> 
     </span>
     <span class='ocr_line' id='line_1_17' title="bbox 202 1787 1079 1837; baseline 0 -12"><span class='ocrx_word' id='word_1_94' title='bbox 202 1787 341 1825; x_wconf 86' lang='lat' dir='ltr'>sufficit</span> <span class='ocrx_word' id='word_1_95' title='bbox 371 1787 410 1825; x_wconf 88' lang='lat' dir='ltr'>in</span> <span class='ocrx_word' id='word_1_96' title='bbox 438 1795 584 1825; x_wconf 84' lang='lat' dir='ltr'>vestras</span> <span class='ocrx_word' id='word_1_97' title='bbox 614 1801 731 1837; x_wconf 80' lang='lat' dir='ltr'>saepe</span> <span class='ocrx_word' id='word_1_98' title='bbox 760 1787 885 1826; x_wconf 83' lang='lat' dir='ltr'>redire</span> <span class='ocrx_word' id='word_1_99' title='bbox 915 1789 1079 1826; x_wconf 76' lang='lat' dir='ltr'>manus’</span> 
     </span>
    </p>
   </div>
   <div class='ocr_carea' id='block_1_5' title="bbox 803 1881 820 1917">
    <p class='ocr_par' dir='ltr' id='par_1_8' title="bbox 803 1881 820 1917">
     <span class='ocr_line' id='line_1_18' title="bbox 803 1881 820 1917; baseline 0 0"><span class='ocrx_word' id='word_1_100' title='bbox 803 1881 820 1917; x_wconf 95' lang='lat' dir='ltr'>I</span> 
     </span>
    </p>
   </div>
   <div class='ocr_carea' id='block_1_6' title="bbox 148 1948 1136 2128">
    <p class='ocr_par' dir='ltr' id='par_1_9' title="bbox 148 1948 1136 2128">
     <span class='ocr_line' id='line_1_19' title="bbox 152 1948 1136 1996; baseline 0.001 -10"><span class='ocrx_word' id='word_1_101' title='bbox 152 1951 257 1986; x_wconf 83' lang='lat' dir='ltr'>Dum</span> <span class='ocrx_word' id='word_1_102' title='bbox 289 1950 408 1986; x_wconf 86' lang='lat' dir='ltr'>Ianus</span> <span class='ocrx_word' id='word_1_103' title='bbox 437 1948 597 1995; x_wconf 86' lang='lat' dir='ltr'>hiemes,</span> <span class='ocrx_word' id='word_1_104' title='bbox 632 1949 884 1988; x_wconf 86' lang='lat' dir='ltr'>Domitianus</span> <span class='ocrx_word' id='word_1_105' title='bbox 912 1957 1136 1996; x_wconf 81' lang='lat' dir='ltr'>autumnos,</span> 
     </span>
     <span class='ocr_line' id='line_1_20' title="bbox 148 2013 1001 2063; baseline 0.001 -12"><span class='ocrx_word' id='word_1_106' title='bbox 148 2015 349 2063; x_wconf 77' lang='lat' dir='ltr'>Augustus</span> <span class='ocrx_word' id='word_1_107' title='bbox 377 2013 490 2051; x_wconf 86' lang='lat' dir='ltr'>annis</span> <span class='ocrx_word' id='word_1_108' title='bbox 519 2014 791 2052; x_wconf 86' lang='lat' dir='ltr'>commodabit</span> <span class='ocrx_word' id='word_1_109' title='bbox 819 2022 1001 2062; x_wconf 82' lang='lat' dir='ltr'>aestates,</span> 
     </span>
     <span class='ocr_line' id='line_1_21' title="bbox 149 2078 1112 2128; baseline 0.002 -13"><span class='ocrx_word' id='word_1_110' title='bbox 149 2079 243 2116; x_wconf 91' lang='lat' dir='ltr'>dum</span> <span class='ocrx_word' id='word_1_111' title='bbox 273 2079 421 2128; x_wconf 81' lang='lat' dir='ltr'>grande</span> <span class='ocrx_word' id='word_1_112' title='bbox 449 2078 584 2116; x_wconf 82' lang='lat' dir='ltr'>famuli</span> <span class='ocrx_word' id='word_1_113' title='bbox 614 2092 762 2116; x_wconf 89' lang='lat' dir='ltr'>nomen</span> <span class='ocrx_word' id='word_1_114' title='bbox 791 2080 945 2117; x_wconf 87' lang='lat' dir='ltr'>adseret</span> <span class='ocrx_word' id='word_1_115' title='bbox 980 2079 1112 2117; x_wconf 89' lang='lat' dir='ltr'>Rheni</span> 
     </span>
    </p>
   </div>
   <div class='ocr_carea' id='block_1_7' title="bbox 150 2180 1483 2306">
    <p class='ocr_par' dir='ltr' id='par_1_10' title="bbox 150 2180 1483 2306">
     <span class='ocr_line' id='line_1_22' title="bbox 194 2180 1478 2220; baseline 0 -9"><span class='ocrx_word' id='word_1_116' title='bbox 194 2180 307 2211; x_wconf 69' lang='lat' dir='ltr'>Emsr.</span> <span class='ocrx_word' id='word_1_117' title='bbox 326 2190 391 2211; x_wconf 82' lang='lat' dir='ltr'>om.</span> <span class='ocrx_word' id='word_1_118' title='bbox 413 2180 463 2211; x_wconf 80' lang='lat' dir='ltr'>CA</span> <span class='ocrx_word' id='word_1_119' title='bbox 552 2181 635 2218; x_wconf 82' lang='lat' dir='ltr'>sort.</span> <span class='ocrx_word' id='word_1_120' title='bbox 656 2180 813 2211; x_wconf 58' lang='lat' dir='ltr'>zbziercidit</span> <span class='ocrx_word' id='word_1_121' title='bbox 826 2181 979 2220; x_wconf 73' lang='lat' dir='ltr'>epistulae</span> <span class='ocrx_word' id='word_1_122' title='bbox 996 2182 1112 2211; x_wconf 78' lang='lat' dir='ltr'>titulus</span> <span class='ocrx_word' id='word_1_123' title='bbox 1129 2181 1180 2220; x_wconf 49' lang='grc' dir='ltr'>(ᾧ</span> <span class='ocrx_word' id='word_1_124' title='bbox 1201 2181 1248 2211; x_wconf 81' lang='lat' dir='ltr'>ad</span> <span class='ocrx_word' id='word_1_125' title='bbox 1261 2182 1330 2212; x_wconf 76' lang='lat' dir='ltr'><em>init.</em></span> <span class='ocrx_word' id='word_1_126' title='bbox 1351 2182 1458 2211; x_wconf 73' lang='lat' dir='ltr'>libri]</span> <span class='ocrx_word' id='word_1_127' title='bbox 1472 2200 1478 2217; x_wconf 60' lang='lat'>1</span> 
     </span>
     <span class='ocr_line' id='line_1_23' title="bbox 150 2223 1478 2264; baseline 0.001 -11"><span class='ocrx_word' id='word_1_128' title='bbox 150 2224 236 2254; x_wconf 84' lang='lat' dir='ltr'>have</span> <span class='ocrx_word' id='word_1_129' title='bbox 256 2224 347 2264; x_wconf 75' lang='lat' dir='ltr'>(aue)</span> <span class='ocrx_word' id='word_1_130' title='bbox 365 2248 372 2255; x_wconf 91' lang='lat'>.</span> <span class='ocrx_word' id='word_1_131' title='bbox 392 2248 400 2255; x_wconf 84' lang='lat'><strong>.</strong></span> <span class='ocrx_word' id='word_1_132' title='bbox 419 2247 426 2254; x_wconf 92' lang='lat'>.</span> <span class='ocrx_word' id='word_1_133' title='bbox 447 2234 511 2254; x_wconf 87' lang='lat' dir='ltr'>car.</span> <span class='ocrx_word' id='word_1_134' title='bbox 534 2223 636 2263; x_wconf 81' lang='lat' dir='ltr'>(kar.)</span> <span class='ocrx_word' id='word_1_135' title='bbox 659 2235 734 2254; x_wconf 84' lang='lat' dir='ltr'>cum</span> <span class='ocrx_word' id='word_1_136' title='bbox 765 2224 926 2263; x_wconf 80' lang='lat' dir='ltr'>Torquati</span> <span class='ocrx_word' id='word_1_137' title='bbox 948 2224 1112 2255; x_wconf 79' lang='lat' dir='ltr'>Gennadii</span> <span class='ocrx_word' id='word_1_138' title='bbox 1132 2225 1364 2264; x_wconf 77' lang='lat' dir='ltr'>subscriptione</span> <span class='ocrx_word' id='word_1_139' title='bbox 1385 2225 1478 2263; x_wconf 72' lang='lat' dir='ltr'>confl.</span> 
     </span>
     <span class='ocr_line' id='line_1_24' title="bbox 150 2266 1483 2306; baseline 0.001 -9"><span class='ocrx_word' id='word_1_140' title='bbox 150 2266 215 2297; x_wconf 86' lang='lat' dir='ltr'>cod.</span> <span class='ocrx_word' id='word_1_141' title='bbox 387 2267 508 2298; x_wconf 64' lang='lat' dir='ltr'>Deme.</span> <span class='ocrx_word' id='word_1_142' title='bbox 536 2278 585 2297; x_wconf 84' lang='lat' dir='ltr'>vv.</span> <span class='ocrx_word' id='word_1_143' title='bbox 607 2268 669 2306; x_wconf 85' lang='grc'>5-8</span> <span class='ocrx_word' id='word_1_144' title='bbox 686 2268 759 2298; x_wconf 80' lang='lat' dir='ltr'>hab.</span> <span class='ocrx_word' id='word_1_145' title='bbox 779 2268 812 2297; x_wconf 82' lang='lat' dir='ltr'><em>R</em></span> <span class='ocrx_word' id='word_1_146' title='bbox 957 2278 969 2298; x_wconf 90' lang='lat'>1</span> <span class='ocrx_word' id='word_1_147' title='bbox 990 2269 1069 2299; x_wconf 89' lang='lat' dir='ltr'>licet</span> <span class='ocrx_word' id='word_1_148' title='bbox 1088 2268 1184 2298; x_wconf 85' lang='lat' dir='ltr'>nobis</span> <span class='ocrx_word' id='word_1_149' title='bbox 1200 2268 1273 2298; x_wconf 68' lang='lat' dir='ltr'>BA:</span> <span class='ocrx_word' id='word_1_150' title='bbox 1299 2268 1415 2298; x_wconf 86' lang='lat' dir='ltr'>licebis</span> <span class='ocrx_word' id='word_1_151' title='bbox 1434 2268 1483 2298; x_wconf 76' lang='lat' dir='ltr'>CA</span> 
     </span>
    </p>
   </div>
   <div class='ocr_carea' id='block_1_8' title="bbox 151 2309 1482 2438">
    <p class='ocr_par' dir='ltr' id='par_1_11' title="bbox 151 2309 1482 2438">
     <span class='ocr_line' id='line_1_25' title="bbox 151 2309 1482 2350; baseline 0 -10"><span class='ocrx_word' id='word_1_152' title='bbox 151 2321 170 2340; x_wconf 89' lang='lat'><em>2</em></span> <span class='ocrx_word' id='word_1_153' title='bbox 195 2309 299 2341; x_wconf 85' lang='lat' dir='ltr'>refert</span> <span class='ocrx_word' id='word_1_154' title='bbox 314 2309 369 2340; x_wconf 75' lang='grc' dir='ltr'>ΒΑ</span> <span class='ocrx_word' id='word_1_155' title='bbox 468 2322 487 2349; x_wconf 90' lang='lat'>4</span> <span class='ocrx_word' id='word_1_156' title='bbox 514 2311 679 2340; x_wconf 87' lang='lat' dir='ltr'>obscurus</span> <span class='ocrx_word' id='word_1_157' title='bbox 696 2315 816 2342; x_wconf 86' lang='lat' dir='ltr'>unctus</span> <span class='ocrx_word' id='word_1_158' title='bbox 833 2321 884 2341; x_wconf 89' lang='lat' dir='ltr'>au.</span> <span class='ocrx_word' id='word_1_159' title='bbox 908 2311 956 2341; x_wconf 78' lang='lat' dir='ltr'>CA</span> <span class='ocrx_word' id='word_1_160' title='bbox 1060 2321 1078 2350; x_wconf 93' lang='lat'><strong>7</strong></span> <span class='ocrx_word' id='word_1_161' title='bbox 1102 2315 1227 2341; x_wconf 86' lang='lat' dir='ltr'>sonant</span> <span class='ocrx_word' id='word_1_162' title='bbox 1243 2311 1326 2342; x_wconf 76' lang='grc' dir='ltr'>ΑΑε</span> <span class='ocrx_word' id='word_1_163' title='bbox 1358 2317 1482 2342; x_wconf 79' lang='lat' dir='ltr'>sonant</span> 
     </span>
     <span class='ocr_line' id='line_1_26' title="bbox 154 2352 1478 2393; baseline 0 -11"><span class='ocrx_word' id='word_1_164' title='bbox 154 2352 199 2393; x_wconf 83' lang='lat' dir='ltr'>(L</span> <span class='ocrx_word' id='word_1_165' title='bbox 217 2356 292 2383; x_wconf 71' lang='lat' dir='ltr'>ante</span> <span class='ocrx_word' id='word_1_166' title='bbox 306 2355 400 2387; x_wconf 46' lang='lat' dir='ltr'>corr.)</span> <span class='ocrx_word' id='word_1_167' title='bbox 417 2354 466 2383; x_wconf 84' lang='lat' dir='ltr'>vel</span> <span class='ocrx_word' id='word_1_168' title='bbox 480 2359 605 2384; x_wconf 82' lang='lat' dir='ltr'>sonent</span> <span class='ocrx_word' id='word_1_169' title='bbox 623 2354 669 2392; x_wconf 81' lang='lat' dir='ltr'>(L</span> <span class='ocrx_word' id='word_1_170' title='bbox 685 2365 725 2384; x_wconf 82' lang='lat' dir='ltr'>ex</span> <span class='ocrx_word' id='word_1_171' title='bbox 740 2365 819 2385; x_wconf 85' lang='lat' dir='ltr'>corr.</span> <span class='ocrx_word' id='word_1_172' title='bbox 839 2354 941 2393; x_wconf 77' lang='lat' dir='ltr'>PQf)</span> <span class='ocrx_word' id='word_1_173' title='bbox 959 2353 1013 2384; x_wconf 68' lang='lat' dir='ltr'>BA</span> <span class='ocrx_word' id='word_1_174' title='bbox 1031 2366 1038 2384; x_wconf 75' lang='lat' dir='ltr'><em>z</em></span> <span class='ocrx_word' id='word_1_175' title='bbox 1060 2359 1184 2384; x_wconf 84' lang='lat' dir='ltr'>sonent</span> <span class='ocrx_word' id='word_1_176' title='bbox 1202 2354 1250 2384; x_wconf 72' lang='lat' dir='ltr'>CA</span> <span class='ocrx_word' id='word_1_177' title='bbox 1427 2354 1438 2383; x_wconf 92' lang='grc' dir='ltr'><strong>Ι</strong></span> <span class='ocrx_word' id='word_1_178' title='bbox 1469 2364 1478 2382; x_wconf 84' lang='lat' dir='ltr'>J</span> 
     </span>
     <span class='ocr_line' id='line_1_27' title="bbox 152 2396 1463 2438; baseline -0.001 -12"><span class='ocrx_word' id='word_1_179' title='bbox 152 2402 333 2427; x_wconf 84' lang='lat' dir='ltr'>autumnus</span> <span class='ocrx_word' id='word_1_180' title='bbox 353 2396 401 2427; x_wconf 71' lang='lat' dir='ltr'>CA</span> <span class='ocrx_word' id='word_1_181' title='bbox 420 2397 508 2436; x_wconf 68' lang='lat' dir='ltr'>(cum</span> <span class='ocrx_word' id='word_1_182' title='bbox 527 2397 553 2426; x_wconf 88' lang='lat' dir='ltr'><em>L</em></span> <span class='ocrx_word' id='word_1_183' title='bbox 571 2400 646 2427; x_wconf 74' lang='lat' dir='ltr'>(mle</span> <span class='ocrx_word' id='word_1_184' title='bbox 662 2398 759 2438; x_wconf 80' lang='lat' dir='ltr'>corr.)</span> <span class='ocrx_word' id='word_1_185' title='bbox 918 2408 937 2427; x_wconf 86' lang='lat'>2</span> <span class='ocrx_word' id='word_1_186' title='bbox 962 2398 1188 2428; x_wconf 85' lang='lat' dir='ltr'>commodauit</span> <span class='ocrx_word' id='word_1_187' title='bbox 1204 2396 1292 2429; x_wconf 85' lang='lat' dir='ltr'>codd.</span> <span class='ocrx_word' id='word_1_188' title='bbox 1319 2398 1382 2437; x_wconf 51' lang='lat' dir='ltr'>(tle.</span> <span class='ocrx_word' id='word_1_189' title='bbox 1405 2397 1463 2426; x_wconf 88' lang='lat' dir='ltr'>-bit</span> 
     </span>
    </p>
   </div>
   <div class='ocr_carea' id='block_1_9' title="bbox 155 2439 335 2470">
    <p class='ocr_par' dir='ltr' id='par_1_12' title="bbox 155 2439 335 2470">
     <span class='ocr_line' id='line_1_28' title="bbox 155 2439 335 2470; baseline 0.011 -1"><span class='ocrx_word' id='word_1_190' title='bbox 155 2446 266 2470; x_wconf 80' lang='lat' dir='ltr'>aestas</span> <span class='ocrx_word' id='word_1_191' title='bbox 286 2439 335 2470; x_wconf 77' lang='lat' dir='ltr'>CA</span> 
     </span>
    </p>
   </div>
  </div>
 </body>
</html>
