1684 2763
221 156 278 193 M.
309 156 432 194 VAL.
464 157 778 196 MARTIALIS

219 280 320 317 quae
349 269 579 318 sulphurato
609 268 707 307 nolit
736 276 869 320 empta
898 277 1076 308 ramento

218 332 468 372 Vatiniorum
498 341 713 383 proxeneta
742 335 966 382 fractorum,

219 406 335 448 poeta
365 398 527 448 quidam
557 398 816 437 clancularius
846 399 991 449 spargit
1535 417 1551 447 5

217 470 256 501 et
284 464 366 501 volt
394 463 517 502 videri
546 471 688 502 nostra.
751 464 889 504 Credis
919 465 1008 512 hoc,
1041 464 1204 503 Prisce?

217 541 315 566 voce
344 536 387 566 ut
415 530 598 578 loquatur
627 528 817 579 psittacus
847 529 1058 567 coturnicis

218 600 255 630 et
285 592 540 642 concupiscat
569 606 654 632 esse
685 594 818 632 Canus
847 595 1056 632 ascaules?

218 659 360 696 Procul
389 671 412 695 a
441 657 581 696 libellis
612 657 721 707 nigra
749 657 798 696 sit
828 657 925 696 meis
955 659 1070 705 fama,

218 735 317 772 quos
347 736 479 761 rumor
507 723 596 760 alba
625 736 828 773 gemmeus
858 723 964 762 vehit
997 723 1140 773 pinna:
1515 741 1554 763 10

217 800 286 825 cur
315 801 387 837 ego
417 788 592 826 laborem
623 796 740 826 notus
770 802 855 826 esse
885 796 964 826 tam
995 801 1122 838 prave,

218 860 398 890 constare
426 852 543 902 gratis
573 866 664 891 cum
694 852 893 891 silentium
924 852 1078 903 possit?

750 942 809 978 IV

219 1009 298 1058 Qui
329 1010 422 1060 legis
453 1010 692 1061 Oedipoden
724 1011 1037 1061 caligantemque
1066 1012 1279 1060 Thyesten,

273 1076 487 1115 Colchidas
518 1084 556 1114 et
585 1077 744 1125 Scyllas,
776 1077 872 1126 quid
902 1076 976 1115 nisi
1006 1085 1181 1114 monstra
1210 1076 1336 1127 legis?

217 1140 313 1190 quid
344 1140 414 1178 tibi
443 1149 576 1190 raptus
608 1142 745 1190 Hylas,
777 1141 874 1190 quid
908 1142 1229 1191 Parthenopaeus
1260 1150 1297 1180 et
1327 1141 1440 1189 Attis,

271 1205 367 1254 quid
397 1205 468 1244 tibi
497 1206 688 1244 dormitor
717 1205 890 1256 proderit
921 1206 1178 1255 Endymion?

217 1278 405 1309 exutusve
434 1284 530 1320 puer
559 1271 689 1321 pinnis
719 1271 976 1309 labentibus?
1013 1279 1080 1309 aut
1110 1271 1177 1321 qui
1532 1288 1549 1318 5

271 1335 355 1373 odit
385 1335 590 1373 amatrices
623 1335 984 1385 Hermaphroditus
1014 1337 1166 1385 aquas?

218 1399 313 1450 quid
345 1408 382 1438 te
411 1414 511 1438 vana
541 1400 675 1438 iuvant
706 1400 870 1438 miserae
900 1400 1069 1439 ludibria
1099 1401 1286 1439 chartae?

272 1466 348 1503 hoc
378 1466 473 1514 lege,
506 1466 615 1515 quod
645 1465 767 1516 possit
798 1465 928 1504 dicere
958 1465 1036 1503 vita
1067 1468 1075 1484 ‘
1094 1467 1232 1503 Meum
1263 1467 1345 1503 est.’

218 1543 298 1568 non
328 1530 392 1568 hic
423 1531 652 1577 Centauros,
686 1544 766 1569 non
798 1532 1003 1581 Gorgonas
1035 1530 1311 1580 Harpyiasque

270 1594 472 1633 invenies:
512 1595 715 1633 hominem
747 1595 888 1645 pagina
917 1603 1049 1634 nostra
1078 1594 1188 1645 sapit.
1515 1612 1553 1633 10

218 1661 295 1698 Sed
327 1673 406 1698 non
436 1660 504 1706 vis,
538 1661 750 1707 Mamurra,
782 1669 870 1699 tuos
900 1673 1138 1710 cognoscere
1170 1673 1297 1698 mores

272 1738 344 1762 nec
375 1732 412 1762 te
442 1724 562 1763 scire:
602 1727 707 1774 legas
738 1725 853 1763 Aetia
883 1724 1126 1764 Callimachi.

219 1880 408 1930 Quisquis
438 1882 611 1919 stolaeve
640 1894 883 1931 purpuraeve
913 1889 1162 1931 contemptor

219 1959 318 1995 quos
349 1947 476 1984 colere
504 1946 623 1985 debet
654 1946 763 1984 laesit
793 1946 914 1996 impio
944 1960 1066 1993 versu,

219 2018 318 2048 erret
347 2024 415 2060 per
443 2011 582 2049 urbem
612 2010 744 2061 pontis
774 2013 862 2049 exul
892 2020 929 2049 et
959 2011 1059 2057 clivi,

263 2113 312 2144 111
338 2125 357 2152 4
381 2114 567 2145 vatinorum
595 2114 773 2153 proximeta
798 2114 986 2153 sragrorum
1021 2114 1067 2145 CA
1223 2123 1242 2152 5
1268 2119 1372 2153 pocta
1402 2125 1467 2146 om.
1501 2115 1548 2146 CA

220 2168 236 2196 7
263 2157 378 2196 loquat
404 2159 522 2198 Q-tur3)
547 2158 711 2196 spittacus
736 2158 785 2188 CA
917 2159 936 2187 8
961 2168 1012 2188 co.
1034 2157 1090 2197 qui
1115 2167 1259 2188 secanus
1282 2162 1339 2188 aut
1362 2159 1475 2189 caules
1500 2158 1547 2190 CA

219 2211 241 2241 9
265 2200 341 2231 saxa
359 2200 406 2232 CA
424 2201 468 2241 <X
484 2206 543 2240 pro
562 2201 610 2241 M)
748 2211 786 2231 10
811 2201 914 2231 rubor
932 2200 979 2231 CA
1116 2211 1153 2231 12
1178 2206 1353 2231 constrare
1371 2201 1419 2231 CA

265 2243 311 2274 IV
334 2246 354 2274 6
378 2245 425 2274 dit
449 2244 495 2274 CA
519 2248 555 2274 ul
574 2244 636 2274 vid.
662 2243 753 2284 <Edit
774 2244 875 2283 EXC,
895 2244 999 2274 Audit
1014 2243 1099 2283 AG)
1213 2255 1229 2283 7
1256 2244 1346 2274 iuuat
1365 2244 1415 2275 CA
1430 2248 1469 2274 ut
1483 2244 1545 2276 vid.

219 2289 239 2317 8
263 2287 330 2318 vita
346 2298 411 2317 om.
433 2288 479 2317 CA
569 2297 589 2326 9
614 2297 675 2317 nec
694 2297 763 2325 gor.
783 2287 861 2317 BA:
885 2297 952 2317 non
970 2297 1041 2325 gor.
1063 2287 1112 2318 CA
1179 2288 1418 2327 harpatiasque
1438 2288 1547 2326 (-aci-)

220 2329 275 2361 BA
375 2341 413 2360 12
437 2330 555 2370 Aetia]
572 2331 672 2361 etiam
689 2330 744 2360 BA
970 2330 1001 2360 V
1024 2341 1074 2361 vv.
1096 2340 1156 2369 1-5
1173 2330 1246 2361 lmb.
1269 2331 1299 2361 T
1386 2342 1399 2362 1
1424 2330 1464 2369 Q.
1483 2330 1547 2361 isto

220 2375 296 2404 leue
315 2374 363 2403 CA
392 2376 471 2414 (pro
496 2373 536 2412 Q.
561 2374 738 2413 istolacue,
760 2374 778 2404 ι’.
794 2384 817 2403 e.
847 2373 888 2411 Q.
915 2374 1081 2414 stolaeue)
1111 2374 1159 2404 CA
1280 2384 1496 2413 purpureque
1523 2374 1553 2404 T

218 2427 238 2457 3
264 2417 354 2448 urbis
370 2417 431 2447 AA
447 2428 453 2447 :
480 2418 595 2447 urbem
612 2417 721 2447 BACA
809 2417 914 2447 cliuos
936 2417 965 2447 T
978 2417 1106 2458 (effort.
1127 2416 1203 2458 ΑΛ)
1221 2429 1228 2448 :
1252 2417 1346 2448 cliuis
1364 2417 1412 2448 CA
