<?xml version="1.0" encoding="UTF-8"?>
<!DOCTYPE html PUBLIC "-//W3C//DTD XHTML 1.0 Transitional//EN"
    "http://www.w3.org/TR/xhtml1/DTD/xhtml1-transitional.dtd">
<html xmlns="http://www.w3.org/1999/xhtml" xml:lang="en" lang="en">
 <head>
  <title>
</title>
<meta http-equiv="Content-Type" content="text/html;charset=utf-8" />
  <meta name='ocr-system' content='tesseract 3.04.00' />
  <meta name='ocr-capabilities' content='ocr_page ocr_carea ocr_par ocr_line ocrx_word'/>
</head>
<body>
  <div class='ocr_page' id='page_1' title='image "./epigrammatarecog00martuoft/epigrammatarecog00martuoft_0134.png"; bbox 0 0 1684 2763; ppageno 0'>
   <div class='ocr_carea' id='block_1_1' title="bbox 197 145 750 184">
    <p class='ocr_par' dir='ltr' id='par_1_1' title="bbox 197 145 750 184">
     <span class='ocr_line' id='line_1_1' title="bbox 197 145 750 184; baseline 0.005 -3"><span class='ocrx_word' id='word_1_1' title='bbox 197 146 251 182; x_wconf 89' lang='lat' dir='ltr'>M.</span> <span class='ocrx_word' id='word_1_2' title='bbox 284 145 405 183; x_wconf 89' lang='lat' dir='ltr'><strong>VAL.</strong></span> <span class='ocrx_word' id='word_1_3' title='bbox 439 145 750 184; x_wconf 87' lang='lat' dir='ltr'>MARTIALIS</span> 
     </span>
    </p>
   </div>
   <div class='ocr_carea' id='block_1_2' title="bbox 719 258 777 295">
    <p class='ocr_par' dir='ltr' id='par_1_2' title="bbox 719 258 777 295">
     <span class='ocr_line' id='line_1_2' title="bbox 719 258 777 295; baseline 0 0"><span class='ocrx_word' id='word_1_4' title='bbox 719 258 777 295; x_wconf 91' lang='lat' dir='ltr'>IX</span> 
     </span>
    </p>
   </div>
   <div class='ocr_carea' id='block_1_3' title="bbox 302 337 1044 520">
    <p class='ocr_par' dir='ltr' id='par_1_3' title="bbox 302 337 1044 520">
     <span class='ocr_line' id='line_1_3' title="bbox 302 337 902 386; baseline 0.002 -11"><span class='ocrx_word' id='word_1_5' title='bbox 302 338 418 375; x_wconf 80' lang='lat' dir='ltr'>Sotae</span> <span class='ocrx_word' id='word_1_6' title='bbox 448 337 525 375; x_wconf 81' lang='lat' dir='ltr'>filia</span> <span class='ocrx_word' id='word_1_7' title='bbox 554 337 694 386; x_wconf 85' lang='lat' dir='ltr'>clinici,</span> <span class='ocrx_word' id='word_1_8' title='bbox 726 338 902 385; x_wconf 77' lang='lat' dir='ltr'>Labulla,</span> 
     </span>
     <span class='ocr_line' id='line_1_4' title="bbox 302 402 1014 453; baseline 0.003 -14"><span class='ocrx_word' id='word_1_9' title='bbox 302 402 456 440; x_wconf 85' lang='lat' dir='ltr'>deserto</span> <span class='ocrx_word' id='word_1_10' title='bbox 485 402 658 451; x_wconf 85' lang='lat' dir='ltr'>sequeris</span> <span class='ocrx_word' id='word_1_11' title='bbox 688 404 845 453; x_wconf 88' lang='lat' dir='ltr'>Clytum</span> <span class='ocrx_word' id='word_1_12' title='bbox 877 403 1014 441; x_wconf 79' lang='lat' dir='ltr'>marito</span> 
     </span>
     <span class='ocr_line' id='line_1_5' title="bbox 303 467 1044 520; baseline 0.004 -16"><span class='ocrx_word' id='word_1_13' title='bbox 303 473 340 504; x_wconf 88' lang='lat' dir='ltr'>et</span> <span class='ocrx_word' id='word_1_14' title='bbox 370 467 494 505; x_wconf 81' lang='lat' dir='ltr'>donas</span> <span class='ocrx_word' id='word_1_15' title='bbox 524 475 561 505; x_wconf 89' lang='lat' dir='ltr'>et</span> <span class='ocrx_word' id='word_1_16' title='bbox 590 481 721 506; x_wconf 78' lang='lat' dir='ltr'>amas:</span> <span class='ocrx_word' id='word_1_17' title='bbox 761 469 854 520; x_wconf 84' lang='grc' dir='ltr'>ἔχεις</span> <span class='ocrx_word' id='word_1_18' title='bbox 883 470 1044 509; x_wconf 79' lang='grc' dir='ltr'>ἀσώτως.</span> 
     </span>
    </p>
   </div>
   <div class='ocr_carea' id='block_1_4' title="bbox 734 584 770 620">
    <p class='ocr_par' dir='ltr' id='par_1_4' title="bbox 734 584 770 620">
     <span class='ocr_line' id='line_1_6' title="bbox 734 584 770 620; baseline 0 0"><span class='ocrx_word' id='word_1_19' title='bbox 734 584 770 620; x_wconf 92' lang='grc' dir='ltr'>Χ</span> 
     </span>
    </p>
   </div>
   <div class='ocr_carea' id='block_1_5' title="bbox 195 663 1518 1034">
    <p class='ocr_par' dir='ltr' id='par_1_5' title="bbox 198 663 1399 776">
     <span class='ocr_line' id='line_1_7' title="bbox 198 663 1399 711; baseline 0.002 -12"><span class='ocrx_word' id='word_1_20' title='bbox 198 664 303 700; x_wconf 87' lang='lat' dir='ltr'>Dum</span> <span class='ocrx_word' id='word_1_21' title='bbox 335 676 460 700; x_wconf 84' lang='lat' dir='ltr'>novus</span> <span class='ocrx_word' id='word_1_22' title='bbox 490 670 547 701; x_wconf 91' lang='lat' dir='ltr'>est</span> <span class='ocrx_word' id='word_1_23' title='bbox 577 676 649 701; x_wconf 91' lang='lat' dir='ltr'>nec</span> <span class='ocrx_word' id='word_1_24' title='bbox 678 664 809 701; x_wconf 84' lang='lat' dir='ltr'>adhuc</span> <span class='ocrx_word' id='word_1_25' title='bbox 839 677 923 701; x_wconf 80' lang='lat' dir='ltr'>rasa</span> <span class='ocrx_word' id='word_1_26' title='bbox 953 663 1047 701; x_wconf 86' lang='lat' dir='ltr'>mihi</span> <span class='ocrx_word' id='word_1_27' title='bbox 1077 664 1203 701; x_wconf 85' lang='lat' dir='ltr'>fronte</span> <span class='ocrx_word' id='word_1_28' title='bbox 1233 664 1399 711; x_wconf 86' lang='lat' dir='ltr'>libellus,</span> 
     </span>
     <span class='ocr_line' id='line_1_8' title="bbox 249 726 1172 776; baseline 0.003 -13"><span class='ocrx_word' id='word_1_29' title='bbox 249 726 390 776; x_wconf 75' lang='lat' dir='ltr'>pagina</span> <span class='ocrx_word' id='word_1_30' title='bbox 418 728 513 765; x_wconf 89' lang='lat' dir='ltr'>dum</span> <span class='ocrx_word' id='word_1_31' title='bbox 544 727 648 776; x_wconf 81' lang='lat' dir='ltr'>tangi</span> <span class='ocrx_word' id='word_1_32' title='bbox 679 740 758 765; x_wconf 91' lang='lat' dir='ltr'>non</span> <span class='ocrx_word' id='word_1_33' title='bbox 789 727 891 765; x_wconf 88' lang='lat' dir='ltr'>bene</span> <span class='ocrx_word' id='word_1_34' title='bbox 920 727 1022 765; x_wconf 83' lang='lat' dir='ltr'>sicca</span> <span class='ocrx_word' id='word_1_35' title='bbox 1052 728 1172 773; x_wconf 85' lang='lat' dir='ltr'>timet,</span> 
     </span>
    </p>

    <p class='ocr_par' dir='ltr' id='par_1_6' title="bbox 195 791 1137 906">
     <span class='ocr_line' id='line_1_9' title="bbox 195 791 1118 841; baseline 0.003 -13"><span class='ocrx_word' id='word_1_36' title='bbox 195 791 205 827; x_wconf 92' lang='lat' dir='ltr'>i</span> <span class='ocrx_word' id='word_1_37' title='bbox 236 804 332 840; x_wconf 88' lang='lat' dir='ltr'>puer</span> <span class='ocrx_word' id='word_1_38' title='bbox 362 799 399 829; x_wconf 93' lang='lat' dir='ltr'>et</span> <span class='ocrx_word' id='word_1_39' title='bbox 429 804 519 829; x_wconf 78' lang='lat' dir='ltr'>caro</span> <span class='ocrx_word' id='word_1_40' title='bbox 549 793 675 841; x_wconf 84' lang='lat' dir='ltr'>perfer</span> <span class='ocrx_word' id='word_1_41' title='bbox 703 793 787 830; x_wconf 89' lang='lat' dir='ltr'>leve</span> <span class='ocrx_word' id='word_1_42' title='bbox 817 806 960 830; x_wconf 88' lang='lat' dir='ltr'>munus</span> <span class='ocrx_word' id='word_1_43' title='bbox 990 792 1118 831; x_wconf 80' lang='lat' dir='ltr'>amico</span> 
     </span>
     <span class='ocr_line' id='line_1_10' title="bbox 249 855 1137 906; baseline 0.003 -14"><span class='ocrx_word' id='word_1_44' title='bbox 249 855 316 905; x_wconf 79' lang='lat' dir='ltr'>qui</span> <span class='ocrx_word' id='word_1_45' title='bbox 348 856 487 893; x_wconf 90' lang='lat' dir='ltr'>meruit</span> <span class='ocrx_word' id='word_1_46' title='bbox 518 870 639 906; x_wconf 80' lang='lat' dir='ltr'>nugas</span> <span class='ocrx_word' id='word_1_47' title='bbox 669 856 816 906; x_wconf 88' lang='lat' dir='ltr'>primus</span> <span class='ocrx_word' id='word_1_48' title='bbox 846 857 991 895; x_wconf 83' lang='lat' dir='ltr'>habere</span> <span class='ocrx_word' id='word_1_49' title='bbox 1021 871 1137 896; x_wconf 79' lang='lat' dir='ltr'>meas.</span> 
     </span>
    </p>

    <p class='ocr_par' dir='ltr' id='par_1_7' title="bbox 196 920 1518 1034">
     <span class='ocr_line' id='line_1_11' title="bbox 196 920 1518 971; baseline 0.002 -14"><span class='ocrx_word' id='word_1_50' title='bbox 196 934 316 966; x_wconf 85' lang='lat' dir='ltr'>curre,</span> <span class='ocrx_word' id='word_1_51' title='bbox 350 922 418 958; x_wconf 91' lang='lat' dir='ltr'>sed</span> <span class='ocrx_word' id='word_1_52' title='bbox 449 920 685 959; x_wconf 86' lang='lat' dir='ltr'>instructus:</span> <span class='ocrx_word' id='word_1_53' title='bbox 726 921 934 960; x_wconf 83' lang='lat' dir='ltr'>comitetur</span> <span class='ocrx_word' id='word_1_54' title='bbox 964 922 1112 960; x_wconf 76' lang='lat' dir='ltr'>Punica</span> <span class='ocrx_word' id='word_1_55' title='bbox 1142 922 1283 960; x_wconf 85' lang='lat' dir='ltr'>librum</span> <span class='ocrx_word' id='word_1_56' title='bbox 1502 942 1518 971; x_wconf 77' lang='lat'>5</span> 
     </span>
     <span class='ocr_line' id='line_1_12' title="bbox 249 985 1162 1034; baseline 0.001 -12"><span class='ocrx_word' id='word_1_57' title='bbox 249 998 448 1034; x_wconf 81' lang='lat' dir='ltr'>spongea:</span> <span class='ocrx_word' id='word_1_58' title='bbox 490 985 717 1024; x_wconf 88' lang='lat' dir='ltr'>muneribus</span> <span class='ocrx_word' id='word_1_59' title='bbox 748 986 932 1025; x_wconf 83' lang='lat' dir='ltr'>convenit</span> <span class='ocrx_word' id='word_1_60' title='bbox 961 986 1026 1024; x_wconf 81' lang='lat' dir='ltr'>illa</span> <span class='ocrx_word' id='word_1_61' title='bbox 1054 987 1162 1025; x_wconf 83' lang='lat' dir='ltr'>meis.</span> 
     </span>
    </p>
   </div>
   <div class='ocr_carea' id='block_1_6' title="bbox 197 1051 1239 1163">
    <p class='ocr_par' dir='ltr' id='par_1_8' title="bbox 197 1051 1239 1163">
     <span class='ocr_line' id='line_1_13' title="bbox 197 1051 1239 1099; baseline 0.004 -13"><span class='ocrx_word' id='word_1_62' title='bbox 197 1062 275 1087; x_wconf 88' lang='lat' dir='ltr'>non</span> <span class='ocrx_word' id='word_1_63' title='bbox 307 1058 472 1099; x_wconf 83' lang='lat' dir='ltr'>possunt</span> <span class='ocrx_word' id='word_1_64' title='bbox 503 1058 655 1089; x_wconf 83' lang='lat' dir='ltr'>nostros</span> <span class='ocrx_word' id='word_1_65' title='bbox 686 1053 842 1097; x_wconf 80' lang='lat' dir='ltr'>multae,</span> <span class='ocrx_word' id='word_1_66' title='bbox 876 1051 1072 1098; x_wconf 80' lang='lat' dir='ltr'>Faustine‚</span> <span class='ocrx_word' id='word_1_67' title='bbox 1104 1051 1239 1090; x_wconf 80' lang='lat' dir='ltr'>liturae</span> 
     </span>
     <span class='ocr_line' id='line_1_14' title="bbox 249 1112 1049 1163; baseline 0.003 -14"><span class='ocrx_word' id='word_1_68' title='bbox 249 1113 460 1150; x_wconf 80' lang='lat' dir='ltr'>emendare</span> <span class='ocrx_word' id='word_1_69' title='bbox 490 1112 623 1150; x_wconf 77' lang='lat' dir='ltr'>iocos:</span> <span class='ocrx_word' id='word_1_70' title='bbox 662 1126 741 1150; x_wconf 84' lang='lat' dir='ltr'>una</span> <span class='ocrx_word' id='word_1_71' title='bbox 769 1113 882 1151; x_wconf 80' lang='lat' dir='ltr'>litura</span> <span class='ocrx_word' id='word_1_72' title='bbox 911 1121 1049 1163; x_wconf 84' lang='lat' dir='ltr'>potest.</span> 
     </span>
    </p>
   </div>
   <div class='ocr_carea' id='block_1_7' title="bbox 195 1217 1522 1928">
    <p class='ocr_par' dir='ltr' id='par_1_9' title="bbox 195 1217 1522 1928">
     <span class='ocr_line' id='line_1_15' title="bbox 719 1217 778 1254; baseline 0 0"><span class='ocrx_word' id='word_1_73' title='bbox 719 1217 778 1254; x_wconf 91' lang='lat' dir='ltr'>XI</span> 
     </span>
     <span class='ocr_line' id='line_1_16' title="bbox 198 1296 1261 1348; baseline 0.002 -15"><span class='ocrx_word' id='word_1_74' title='bbox 198 1298 304 1334; x_wconf 86' lang='lat' dir='ltr'>Dum</span> <span class='ocrx_word' id='word_1_75' title='bbox 336 1296 499 1334; x_wconf 89' lang='lat' dir='ltr'>nimium</span> <span class='ocrx_word' id='word_1_76' title='bbox 530 1311 631 1335; x_wconf 78' lang='lat' dir='ltr'>vano</span> <span class='ocrx_word' id='word_1_77' title='bbox 662 1299 896 1335; x_wconf 77' lang='lat' dir='ltr'>tumefactus</span> <span class='ocrx_word' id='word_1_78' title='bbox 926 1297 1086 1336; x_wconf 90' lang='lat' dir='ltr'>nomine</span> <span class='ocrx_word' id='word_1_79' title='bbox 1115 1299 1261 1348; x_wconf 77' lang='lat' dir='ltr'>gaudes</span> 
     </span>
     <span class='ocr_line' id='line_1_17' title="bbox 249 1361 1089 1411; baseline 0.002 -13"><span class='ocrx_word' id='word_1_80' title='bbox 249 1369 286 1399; x_wconf 89' lang='lat' dir='ltr'>et</span> <span class='ocrx_word' id='word_1_81' title='bbox 317 1361 571 1399; x_wconf 82' lang='lat' dir='ltr'>Saturninum</span> <span class='ocrx_word' id='word_1_82' title='bbox 604 1370 651 1408; x_wconf 88' lang='lat' dir='ltr'>te,</span> <span class='ocrx_word' id='word_1_83' title='bbox 684 1362 810 1409; x_wconf 86' lang='lat' dir='ltr'>miser,</span> <span class='ocrx_word' id='word_1_84' title='bbox 843 1376 927 1400; x_wconf 83' lang='lat' dir='ltr'>esse</span> <span class='ocrx_word' id='word_1_85' title='bbox 957 1364 1089 1411; x_wconf 88' lang='lat' dir='ltr'>pudet,</span> 
     </span>
     <span class='ocr_line' id='line_1_18' title="bbox 195 1426 1090 1475; baseline 0.003 -13"><span class='ocrx_word' id='word_1_86' title='bbox 195 1426 314 1475; x_wconf 80' lang='lat' dir='ltr'>impia</span> <span class='ocrx_word' id='word_1_87' title='bbox 345 1426 545 1464; x_wconf 78' lang='lat' dir='ltr'>Parrhasia</span> <span class='ocrx_word' id='word_1_88' title='bbox 575 1426 729 1465; x_wconf 80' lang='lat' dir='ltr'>movisti</span> <span class='ocrx_word' id='word_1_89' title='bbox 760 1428 861 1465; x_wconf 80' lang='lat' dir='ltr'>bella</span> <span class='ocrx_word' id='word_1_90' title='bbox 889 1427 963 1465; x_wconf 85' lang='lat' dir='ltr'>sub</span> <span class='ocrx_word' id='word_1_91' title='bbox 992 1441 1090 1471; x_wconf 78' lang='lat' dir='ltr'>ursa,</span> 
     </span>
     <span class='ocr_line' id='line_1_19' title="bbox 249 1491 1133 1541; baseline 0.001 -13"><span class='ocrx_word' id='word_1_92' title='bbox 249 1491 378 1540; x_wconf 77' lang='lat' dir='ltr'>qualia</span> <span class='ocrx_word' id='word_1_93' title='bbox 407 1491 473 1540; x_wconf 84' lang='lat' dir='ltr'>qui</span> <span class='ocrx_word' id='word_1_94' title='bbox 506 1491 667 1529; x_wconf 75' lang='lat' dir='ltr'>Phariae</span> <span class='ocrx_word' id='word_1_95' title='bbox 696 1491 872 1541; x_wconf 80' lang='lat' dir='ltr'>coniugis</span> <span class='ocrx_word' id='word_1_96' title='bbox 900 1506 1008 1530; x_wconf 80' lang='lat' dir='ltr'>arma</span> <span class='ocrx_word' id='word_1_97' title='bbox 1037 1492 1133 1530; x_wconf 89' lang='lat' dir='ltr'>tulit.</span> 
     </span>
     <span class='ocr_line' id='line_1_20' title="bbox 199 1555 1517 1605; baseline 0.002 -13"><span class='ocrx_word' id='word_1_98' title='bbox 199 1555 458 1593; x_wconf 74' lang='lat' dir='ltr'>Excideratne</span> <span class='ocrx_word' id='word_1_99' title='bbox 487 1557 588 1594; x_wconf 79' lang='lat' dir='ltr'>adeo</span> <span class='ocrx_word' id='word_1_100' title='bbox 620 1558 741 1594; x_wconf 77' lang='lat' dir='ltr'>fatum</span> <span class='ocrx_word' id='word_1_101' title='bbox 773 1556 842 1594; x_wconf 88' lang='lat' dir='ltr'>tibi</span> <span class='ocrx_word' id='word_1_102' title='bbox 873 1556 1043 1594; x_wconf 90' lang='lat' dir='ltr'>nominis</span> <span class='ocrx_word' id='word_1_103' title='bbox 1074 1556 1199 1597; x_wconf 70' lang='lat' dir='ltr'>huius,</span> <span class='ocrx_word' id='word_1_104' title='bbox 1502 1576 1517 1605; x_wconf 52' lang='grc' dir='ltr'>,ι</span> 
     </span>
     <span class='ocr_line' id='line_1_21' title="bbox 251 1620 1082 1670; baseline 0.001 -12"><span class='ocrx_word' id='word_1_105' title='bbox 251 1620 380 1658; x_wconf 86' lang='lat' dir='ltr'>obruit</span> <span class='ocrx_word' id='word_1_106' title='bbox 410 1620 561 1658; x_wconf 79' lang='lat' dir='ltr'>Actiaci</span> <span class='ocrx_word' id='word_1_107' title='bbox 593 1622 701 1670; x_wconf 85' lang='lat' dir='ltr'>quod</span> <span class='ocrx_word' id='word_1_108' title='bbox 730 1621 854 1670; x_wconf 82' lang='lat' dir='ltr'>gravis</span> <span class='ocrx_word' id='word_1_109' title='bbox 884 1621 938 1659; x_wconf 79' lang='lat' dir='ltr'>ira</span> <span class='ocrx_word' id='word_1_110' title='bbox 967 1621 1082 1659; x_wconf 85' lang='lat' dir='ltr'>freti?</span> 
     </span>
     <span class='ocr_line' id='line_1_22' title="bbox 195 1684 1219 1735; baseline 0.001 -14"><span class='ocrx_word' id='word_1_111' title='bbox 195 1698 245 1721; x_wconf 76' lang='lat' dir='ltr'>an</span> <span class='ocrx_word' id='word_1_112' title='bbox 277 1684 345 1722; x_wconf 88' lang='lat' dir='ltr'>tibi</span> <span class='ocrx_word' id='word_1_113' title='bbox 376 1685 553 1734; x_wconf 86' lang='lat' dir='ltr'>promisit</span> <span class='ocrx_word' id='word_1_114' title='bbox 587 1687 750 1723; x_wconf 87' lang='lat' dir='ltr'>Rhenus</span> <span class='ocrx_word' id='word_1_115' title='bbox 780 1687 887 1735; x_wconf 84' lang='lat' dir='ltr'>quod</span> <span class='ocrx_word' id='word_1_116' title='bbox 919 1700 998 1724; x_wconf 91' lang='lat' dir='ltr'>non</span> <span class='ocrx_word' id='word_1_117' title='bbox 1030 1685 1138 1724; x_wconf 86' lang='lat' dir='ltr'>dedit</span> <span class='ocrx_word' id='word_1_118' title='bbox 1169 1685 1219 1723; x_wconf 90' lang='lat' dir='ltr'>illi</span> 
     </span>
     <span class='ocr_line' id='line_1_23' title="bbox 252 1748 1123 1799; baseline 0.002 -14"><span class='ocrx_word' id='word_1_119' title='bbox 252 1748 376 1794; x_wconf 88' lang='lat' dir='ltr'>Nilus,</span> <span class='ocrx_word' id='word_1_120' title='bbox 410 1757 447 1786; x_wconf 88' lang='lat' dir='ltr'>et</span> <span class='ocrx_word' id='word_1_121' title='bbox 478 1749 632 1787; x_wconf 82' lang='lat' dir='ltr'>Arctois</span> <span class='ocrx_word' id='word_1_122' title='bbox 662 1751 748 1799; x_wconf 89' lang='lat' dir='ltr'>plus</span> <span class='ocrx_word' id='word_1_123' title='bbox 779 1750 950 1788; x_wconf 88' lang='lat' dir='ltr'>licuisset</span> <span class='ocrx_word' id='word_1_124' title='bbox 979 1750 1123 1799; x_wconf 79' lang='lat' dir='ltr'>aquis?</span> 
     </span>
     <span class='ocr_line' id='line_1_24' title="bbox 196 1813 1133 1856; baseline 0.001 -6"><span class='ocrx_word' id='word_1_125' title='bbox 196 1813 260 1851; x_wconf 86' lang='lat' dir='ltr'>ille</span> <span class='ocrx_word' id='word_1_126' title='bbox 290 1813 405 1851; x_wconf 79' lang='lat' dir='ltr'>etiam</span> <span class='ocrx_word' id='word_1_127' title='bbox 437 1813 577 1851; x_wconf 85' lang='lat' dir='ltr'>nostris</span> <span class='ocrx_word' id='word_1_128' title='bbox 607 1814 804 1852; x_wconf 84' lang='lat' dir='ltr'>Antonius</span> <span class='ocrx_word' id='word_1_129' title='bbox 834 1814 979 1852; x_wconf 89' lang='lat' dir='ltr'>occidit</span> <span class='ocrx_word' id='word_1_130' title='bbox 1007 1814 1133 1856; x_wconf 79' lang='lat' dir='ltr'>armis,</span> 
     </span>
     <span class='ocr_line' id='line_1_25' title="bbox 252 1877 1522 1928; baseline 0.003 -14"><span class='ocrx_word' id='word_1_131' title='bbox 252 1877 318 1926; x_wconf 79' lang='lat' dir='ltr'>qui</span> <span class='ocrx_word' id='word_1_132' title='bbox 349 1877 417 1914; x_wconf 87' lang='lat' dir='ltr'>tibi</span> <span class='ocrx_word' id='word_1_133' title='bbox 448 1879 637 1923; x_wconf 81' lang='lat' dir='ltr'>conlatus,</span> <span class='ocrx_word' id='word_1_134' title='bbox 670 1879 827 1928; x_wconf 82' lang='lat' dir='ltr'>perfide,</span> <span class='ocrx_word' id='word_1_135' title='bbox 861 1879 1006 1917; x_wconf 79' lang='lat' dir='ltr'>Caesar</span> <span class='ocrx_word' id='word_1_136' title='bbox 1035 1886 1124 1916; x_wconf 82' lang='lat' dir='ltr'>erat.</span> <span class='ocrx_word' id='word_1_137' title='bbox 1482 1895 1522 1918; x_wconf 89' lang='lat'>10</span> 
     </span>
    </p>
   </div>
   <div class='ocr_carea' id='block_1_8' title="bbox 707 1982 789 2019">
    <p class='ocr_par' dir='ltr' id='par_1_10' title="bbox 707 1982 789 2019">
     <span class='ocr_line' id='line_1_26' title="bbox 707 1982 789 2019; baseline 0 0"><span class='ocrx_word' id='word_1_138' title='bbox 707 1982 789 2019; x_wconf 90' lang='lat' dir='ltr'>XII</span> 
     </span>
    </p>
   </div>
   <div class='ocr_carea' id='block_1_9' title="bbox 201 2061 1259 2176">
    <p class='ocr_par' dir='ltr' id='par_1_11' title="bbox 201 2061 1259 2176">
     <span class='ocr_line' id='line_1_27' title="bbox 201 2061 1259 2113; baseline 0.002 -13"><span class='ocrx_word' id='word_1_139' title='bbox 201 2061 319 2106; x_wconf 84' lang='lat' dir='ltr'>Nulli,</span> <span class='ocrx_word' id='word_1_140' title='bbox 352 2063 463 2107; x_wconf 69' lang='lat' dir='ltr'>Thai,</span> <span class='ocrx_word' id='word_1_141' title='bbox 498 2075 625 2111; x_wconf 76' lang='lat' dir='ltr'>negaS‚</span> <span class='ocrx_word' id='word_1_142' title='bbox 658 2063 726 2101; x_wconf 87' lang='lat' dir='ltr'>sed</span> <span class='ocrx_word' id='word_1_143' title='bbox 757 2062 787 2100; x_wconf 89' lang='lat' dir='ltr'>si</span> <span class='ocrx_word' id='word_1_144' title='bbox 818 2070 854 2101; x_wconf 87' lang='lat' dir='ltr'>te</span> <span class='ocrx_word' id='word_1_145' title='bbox 885 2076 964 2101; x_wconf 90' lang='lat' dir='ltr'>non</span> <span class='ocrx_word' id='word_1_146' title='bbox 995 2063 1117 2113; x_wconf 87' lang='lat' dir='ltr'>pudet</span> <span class='ocrx_word' id='word_1_147' title='bbox 1146 2063 1259 2107; x_wconf 81' lang='lat' dir='ltr'>istud,</span> 
     </span>
     <span class='ocr_line' id='line_1_28' title="bbox 253 2127 1139 2176; baseline 0.002 -14"><span class='ocrx_word' id='word_1_148' title='bbox 253 2127 328 2164; x_wconf 85' lang='lat' dir='ltr'>hoc</span> <span class='ocrx_word' id='word_1_149' title='bbox 358 2127 494 2164; x_wconf 84' lang='lat' dir='ltr'>saltem</span> <span class='ocrx_word' id='word_1_150' title='bbox 527 2128 683 2175; x_wconf 79' lang='lat' dir='ltr'>pudeat,</span> <span class='ocrx_word' id='word_1_151' title='bbox 716 2129 828 2173; x_wconf 64' lang='lat' dir='ltr'>Thai,</span> <span class='ocrx_word' id='word_1_152' title='bbox 861 2140 1002 2176; x_wconf 82' lang='lat' dir='ltr'>negare</span> <span class='ocrx_word' id='word_1_153' title='bbox 1032 2127 1139 2165; x_wconf 87' lang='lat' dir='ltr'>nihil.</span> 
     </span>
    </p>
   </div>
   <div class='ocr_carea' id='block_1_10' title="bbox 199 2228 1520 2441">
    <p class='ocr_par' dir='ltr' id='par_1_12' title="bbox 200 2228 1519 2312">
     <span class='ocr_line' id='line_1_29' title="bbox 244 2228 1519 2269; baseline 0.002 -11"><span class='ocrx_word' id='word_1_154' title='bbox 244 2229 293 2259; x_wconf 90' lang='lat' dir='ltr'>IX</span> <span class='ocrx_word' id='word_1_155' title='bbox 321 2239 333 2258; x_wconf 89' lang='lat'>1</span> <span class='ocrx_word' id='word_1_156' title='bbox 361 2228 480 2258; x_wconf 83' lang='lat' dir='ltr'>clunici</span> <span class='ocrx_word' id='word_1_157' title='bbox 506 2229 558 2258; x_wconf 73' lang='grc' dir='ltr'>ΒΑ</span> <span class='ocrx_word' id='word_1_158' title='bbox 647 2229 736 2260; x_wconf 83' lang='lat' dir='ltr'>bulla</span> <span class='ocrx_word' id='word_1_159' title='bbox 753 2230 806 2260; x_wconf 67' lang='lat' dir='ltr'>BA</span> <span class='ocrx_word' id='word_1_160' title='bbox 825 2230 916 2269; x_wconf 81' lang='lat' dir='ltr'>(etin</span> <span class='ocrx_word' id='word_1_161' title='bbox 933 2229 1042 2259; x_wconf 72' lang='lat' dir='ltr'>letum.</span> <span class='ocrx_word' id='word_1_162' title='bbox 1059 2240 1106 2259; x_wconf 81' lang='lat' dir='ltr'>AD</span> <span class='ocrx_word' id='word_1_163' title='bbox 1125 2231 1281 2269; x_wconf 76' lang='lat' dir='ltr'>BVLLAM)</span> <span class='ocrx_word' id='word_1_164' title='bbox 1298 2241 1305 2260; x_wconf 77' lang='lat' dir='ltr'>t</span> <span class='ocrx_word' id='word_1_165' title='bbox 1328 2230 1450 2261; x_wconf 83' lang='lat' dir='ltr'>labulla</span> <span class='ocrx_word' id='word_1_166' title='bbox 1471 2232 1519 2261; x_wconf 77' lang='grc' dir='ltr'>(Ἀ</span> 
     </span>
     <span class='ocr_line' id='line_1_30' title="bbox 200 2271 1262 2312; baseline 0.001 -11"><span class='ocrx_word' id='word_1_167' title='bbox 200 2271 273 2311; x_wconf 81' lang='lat' dir='ltr'>(sed</span> <span class='ocrx_word' id='word_1_168' title='bbox 286 2273 319 2301; x_wconf 79' lang='lat' dir='ltr'>in</span> <span class='ocrx_word' id='word_1_169' title='bbox 336 2272 447 2302; x_wconf 78' lang='lat' dir='ltr'>lemnt.</span> <span class='ocrx_word' id='word_1_170' title='bbox 468 2282 513 2301; x_wconf 81' lang='lat' dir='ltr'>AD</span> <span class='ocrx_word' id='word_1_171' title='bbox 532 2275 735 2312; x_wconf 77' lang='lat' dir='ltr'>FABVLLAM)</span> <span class='ocrx_word' id='word_1_172' title='bbox 869 2284 888 2302; x_wconf 85' lang='lat'><strong>2</strong></span> <span class='ocrx_word' id='word_1_173' title='bbox 912 2274 1066 2303; x_wconf 79' lang='lat' dir='ltr'>desertos</span> <span class='ocrx_word' id='word_1_174' title='bbox 1084 2273 1131 2303; x_wconf 77' lang='lat' dir='ltr'>CA</span> <span class='ocrx_word' id='word_1_175' title='bbox 1149 2278 1184 2302; x_wconf 81' lang='lat' dir='ltr'>nt</span> <span class='ocrx_word' id='word_1_176' title='bbox 1199 2273 1262 2303; x_wconf 79' lang='lat' dir='ltr'>vid.</span> 
     </span>
    </p>

    <p class='ocr_par' dir='ltr' id='par_1_13' title="bbox 199 2315 1520 2441">
     <span class='ocr_line' id='line_1_31' title="bbox 244 2315 1513 2349; baseline 0.002 -4"><span class='ocrx_word' id='word_1_177' title='bbox 244 2315 276 2345; x_wconf 89' lang='lat' dir='ltr'>X</span> <span class='ocrx_word' id='word_1_178' title='bbox 298 2315 370 2345; x_wconf 72' lang='lat' dir='ltr'><em>hab.</em></span> <span class='ocrx_word' id='word_1_179' title='bbox 388 2316 422 2345; x_wconf 82' lang='lat' dir='ltr'><em>R</em></span> <span class='ocrx_word' id='word_1_180' title='bbox 602 2326 613 2345; x_wconf 91' lang='lat'>1</span> <span class='ocrx_word' id='word_1_181' title='bbox 642 2327 666 2347; x_wconf 85' lang='lat' dir='ltr'>r.</span> <span class='ocrx_word' id='word_1_182' title='bbox 687 2326 748 2346; x_wconf 85' lang='lat' dir='ltr'>nec</span> <span class='ocrx_word' id='word_1_183' title='bbox 765 2326 794 2347; x_wconf 86' lang='lat' dir='ltr'>a.</span> <span class='ocrx_word' id='word_1_184' title='bbox 816 2326 856 2346; x_wconf 90' lang='lat' dir='ltr'>m.</span> <span class='ocrx_word' id='word_1_185' title='bbox 874 2315 954 2346; x_wconf 66' lang='lat' dir='ltr'>AA:</span> <span class='ocrx_word' id='word_1_186' title='bbox 989 2326 1051 2346; x_wconf 87' lang='lat' dir='ltr'>nec</span> <span class='ocrx_word' id='word_1_187' title='bbox 1068 2326 1095 2346; x_wconf 88' lang='lat' dir='ltr'>a.</span> <span class='ocrx_word' id='word_1_188' title='bbox 1119 2327 1143 2347; x_wconf 82' lang='lat' dir='ltr'>r.</span> <span class='ocrx_word' id='word_1_189' title='bbox 1162 2326 1204 2346; x_wconf 89' lang='lat' dir='ltr'>m.</span> <span class='ocrx_word' id='word_1_190' title='bbox 1220 2316 1296 2347; x_wconf 71' lang='lat' dir='ltr'>BA:</span> <span class='ocrx_word' id='word_1_191' title='bbox 1329 2321 1361 2346; x_wconf 85' lang='lat' dir='ltr'>et</span> <span class='ocrx_word' id='word_1_192' title='bbox 1379 2327 1408 2347; x_wconf 90' lang='lat' dir='ltr'>a.</span> <span class='ocrx_word' id='word_1_193' title='bbox 1427 2327 1453 2349; x_wconf 85' lang='lat' dir='ltr'>r.</span> <span class='ocrx_word' id='word_1_194' title='bbox 1473 2327 1513 2348; x_wconf 87' lang='lat' dir='ltr'>m.</span> 
     </span>
     <span class='ocr_line' id='line_1_32' title="bbox 201 2358 1520 2398; baseline 0.002 -10"><span class='ocrx_word' id='word_1_195' title='bbox 201 2358 248 2388; x_wconf 72' lang='lat' dir='ltr'>CA</span> <span class='ocrx_word' id='word_1_196' title='bbox 408 2368 427 2396; x_wconf 82' lang='lat'><strong>3</strong></span> <span class='ocrx_word' id='word_1_197' title='bbox 452 2358 478 2398; x_wconf 85' lang='lat' dir='ltr'>i]</span> <span class='ocrx_word' id='word_1_198' title='bbox 498 2358 581 2388; x_wconf 82' lang='lat' dir='ltr'>inR</span> <span class='ocrx_word' id='word_1_199' title='bbox 832 2359 879 2388; x_wconf 87' lang='lat' dir='ltr'>Xl</span> <span class='ocrx_word' id='word_1_200' title='bbox 904 2369 923 2389; x_wconf 89' lang='lat'><strong>2</strong></span> <span class='ocrx_word' id='word_1_201' title='bbox 947 2364 980 2389; x_wconf 86' lang='lat' dir='ltr'>te</span> <span class='ocrx_word' id='word_1_202' title='bbox 997 2369 1039 2390; x_wconf 91' lang='lat' dir='ltr'>m.</span> <span class='ocrx_word' id='word_1_203' title='bbox 1058 2369 1087 2389; x_wconf 83' lang='lat' dir='ltr'>e.</span> <span class='ocrx_word' id='word_1_204' title='bbox 1108 2369 1138 2398; x_wconf 89' lang='lat' dir='ltr'>p.</span> <span class='ocrx_word' id='word_1_205' title='bbox 1158 2359 1232 2390; x_wconf 73' lang='lat' dir='ltr'>BA:</span> <span class='ocrx_word' id='word_1_206' title='bbox 1258 2364 1290 2389; x_wconf 86' lang='lat' dir='ltr'>te</span> <span class='ocrx_word' id='word_1_207' title='bbox 1309 2369 1338 2398; x_wconf 90' lang='lat' dir='ltr'>p.</span> <span class='ocrx_word' id='word_1_208' title='bbox 1360 2371 1388 2391; x_wconf 86' lang='lat' dir='ltr'>e.</span> <span class='ocrx_word' id='word_1_209' title='bbox 1409 2370 1450 2391; x_wconf 89' lang='lat' dir='ltr'>m.</span> <span class='ocrx_word' id='word_1_210' title='bbox 1472 2361 1520 2392; x_wconf 68' lang='lat' dir='ltr'>CA</span> 
     </span>
     <span class='ocr_line' id='line_1_33' title="bbox 199 2401 1380 2441; baseline 0.002 -10"><span class='ocrx_word' id='word_1_211' title='bbox 199 2411 217 2438; x_wconf 80' lang='lat'>5</span> <span class='ocrx_word' id='word_1_212' title='bbox 244 2401 366 2432; x_wconf 81' lang='lat' dir='ltr'>factum</span> <span class='ocrx_word' id='word_1_213' title='bbox 385 2401 427 2441; x_wconf 83' lang='lat' dir='ltr'>&lt;L</span> <span class='ocrx_word' id='word_1_214' title='bbox 444 2401 555 2439; x_wconf 77' lang='lat' dir='ltr'>etsort.</span> <span class='ocrx_word' id='word_1_215' title='bbox 576 2401 642 2431; x_wconf 56' lang='grc' dir='ltr'>ΒΑἺ</span> <span class='ocrx_word' id='word_1_216' title='bbox 821 2402 887 2432; x_wconf 87' lang='lat' dir='ltr'>XII</span> <span class='ocrx_word' id='word_1_217' title='bbox 912 2402 984 2433; x_wconf 75' lang='lat' dir='ltr'><em>hab.</em></span> <span class='ocrx_word' id='word_1_218' title='bbox 1003 2403 1037 2432; x_wconf 82' lang='lat' dir='ltr'><em>R</em></span> <span class='ocrx_word' id='word_1_219' title='bbox 1172 2413 1185 2432; x_wconf 90' lang='lat'>1</span> <span class='ocrx_word' id='word_1_220' title='bbox 1213 2407 1314 2441; x_wconf 82' lang='lat' dir='ltr'>negat</span> <span class='ocrx_word' id='word_1_221' title='bbox 1333 2402 1380 2434; x_wconf 75' lang='lat' dir='ltr'>CA</span> 
     </span>
    </p>
   </div>
  </div>
 </body>
</html>
