1684 2763
523 157 703 194 INDEX
742 127 1208 194 EPIGRAMMATON

269 271 340 301 Nec
358 270 478 300 mullus
494 279 557 300 nec
576 274 609 300 te
627 268 785 305 delectat,
804 267 954 305 Baetice,
973 267 1091 298 turdus
1137 266 1197 301 ΙΙΙ,
1219 276 1271 304 77.

267 314 337 345 Nec
355 319 434 353 toga
451 324 512 344 nec
530 313 623 343 focus
640 317 691 342 est
708 322 771 342 nec
788 312 886 342 tritus
903 312 1020 341 cimice
1036 311 1142 341 lectus
1188 308 1248 340 XI.
1268 318 1322 346 32.

268 358 340 388 Nec
357 362 455 388 vocat
471 358 513 387 ad
530 366 647 387 cenam
665 356 802 393 Marius,
823 365 885 385 nec
900 364 1039 384 munera
1056 355 1158 384 mittit
1205 353 1246 384 X.
1270 362 1317 390 19.

267 401 375 432 Nemo
392 401 519 431 habitat
537 401 642 439 gratis
659 400 724 429 nisi
742 399 836 428 dives
852 402 885 428 et
902 398 1004 428 orbus
1021 398 1110 437 apud
1125 402 1158 427 te
1203 395 1264 435 XI,
1285 397 1338 433 83.

270 445 378 475 Nemo
397 455 483 474 nova
501 444 600 474 caluit
618 443 665 473 sic
684 443 910 472 inflammatus
926 442 1032 471 amica
1077 441 1121 477 X,
1139 441 1192 471 86.

269 488 421 527 Nequius
439 499 457 518 a
473 488 561 517 Caro
579 486 663 516 nihil
681 496 846 524 umquam.
868 485 1026 523 Maxime,
1046 484 1168 515 facturn
1186 488 1238 513 est
1285 482 1328 516 X,
1349 491 1400 520 77.

269 531 394 562 Nescio
411 531 490 570 quid
508 531 549 560 de
567 535 598 559 te
616 539 685 558 non
703 529 801 563 belle,
823 528 947 567 Dento,
964 528 1080 557 fateris
1125 526 1218 563 VIII,
1239 535 1291 563 31.

269 575 393 605 Nescio
412 580 477 604 tam
496 574 608 603 multis
625 572 704 610 quid
722 571 856 607 scribas,
879 571 1011 605 Fauste,
1029 570 1151 609 puellis
1198 568 1259 605 XI,
1275 570 1329 606 64.

271 618 399 655 Nescit,
418 618 518 648 crede
536 617 629 649 mihi,
646 615 724 654 quid
743 615 811 644 sint
829 615 1079 654 epigrammata,
1102 613 1218 643 Flacce
1265 611 1321 647 IV,
1337 621 1389 650 49.

272 662 389 692 Nescit
405 661 457 691 cui
476 660 608 690 dederit
621 658 758 696 Tyriam
776 658 955 696 Crispinus
971 657 1114 687 abollam
1159 655 1252 695 VIH,
1272 655 1325 693 48.

271 705 363 735 Nihil
380 704 558 734 Ammiano
576 706 712 742 praeter
728 701 854 730 aridam
876 706 998 730 restem
1046 699 1101 733 IV,
1122 710 1174 737 70.

269 749 363 778 Nihil
381 753 431 777 est
448 747 602 777 miserius
619 755 730 784 neque
748 744 898 781 gulosius
915 744 1036 773 Santra
1080 742 1157 782 VII,
1177 753 1229 773 20.

272 792 327 822 Nil
346 791 437 822 aliud
454 790 601 829 loqueris
618 798 716 828 quam
734 788 868 817 Thesea
887 787 1144 826 Pirithoumque
1189 786 1232 824 X,
1257 795 1305 816 11.

273 835 329 864 Nil
348 839 399 864 est
416 835 527 864 tritius
546 833 674 871 Hedyli
692 832 835 861 lacernis
883 830 943 867 IX,
961 841 1014 869 57.

272 879 326 908 Nil
343 879 376 908 in
393 883 425 908 te
443 877 571 915 scripsi,
591 875 786 914 Bithynice.
833 874 984 904 Credere
1003 884 1070 903 non
1088 874 1138 903 vis
1183 872 1263 909 XII,
1283 872 1335 910 78.

273 922 329 952 Nil
347 922 580 959 intemptatum
600 919 723 957 Selius,
743 917 789 947 nil
808 917 927 957 linquit
945 919 1098 948 inausum
1145 916 1191 956 ΙΙ,
1212 927 1262 955 14.

273 965 328 995 Nil
346 965 503 995 lascivius
520 968 570 994 est
588 962 790 992 Charisiano
836 961 895 998 Vl,
913 971 964 999 24.

275 1009 330 1038 Nil
348 1008 427 1038 mihi
446 1009 505 1038 das
522 1008 618 1037 vivus
635 1018 642 1044 3
666 1007 749 1036 dicis
768 1009 844 1044 post
862 1005 927 1034 fata
945 1005 1100 1034 daturum
1147 1002 1271 1041 XI‚67.

271 1053 327 1082 Nil
344 1051 578 1089 miserabilius,
602 1050 729 1086 Matho,
748 1049 910 1087 pedicone
928 1048 1066 1078 Sabello
1111 1046 1168 1085 VI,
1184 1056 1237 1085 33.

275 1096 330 1126 Nil
350 1107 429 1132 non,
454 1095 580 1134 Lygde,
600 1093 680 1123 mihi
698 1102 804 1130 negas
822 1093 955 1129 roganti
1003 1090 1082 1127 XII,
1104 1102 1152 1129 71.

276 1139 329 1168 Nil
349 1141 472 1169 recitas
488 1144 521 1168 et
536 1138 597 1171 vis,
617 1136 795 1171 Mamerce,
814 1140 914 1174 poeta
930 1135 1035 1165 videri
1084 1134 1128 1167 ΙΙ,
1145 1135 1198 1166 88,

277 1182 331 1212 Nil
350 1183 408 1212 tibi
425 1182 546 1220 legavit
565 1180 697 1211 Fabius.
718 1179 908 1217 Bithynice,
927 1179 979 1208 cui
997 1183 1032 1208 tu
1080 1177 1138 1209 lx.
1158 1178 1187 1207 8.

276 1226 440 1256 Niliacum
459 1224 582 1255 ridebis
599 1224 698 1253 holus
713 1223 877 1260 lanasque
894 1231 1058 1260 sequaces
1105 1220 1203 1258 XIII,
1222 1230 1276 1259 57.

276 1269 408 1299 Nobilis
426 1274 460 1299 e‘.
476 1268 562 1298 lanis
580 1272 613 1297 et
631 1266 712 1296 felix
728 1265 852 1295 vitibus
869 1265 980 1294 Aulon
1026 1263 1123 1297 XIII,
1145 1273 1216 1301 125.

279 1312 431 1343 Nobilius
448 1312 566 1341 villosa
581 1315 700 1347 tegant
717 1309 775 1338 tibi
793 1308 895 1338 lintea
912 1308 1033 1338 citrum
1079 1307 1170 1340 XIV.
1195 1316 1264 1344 139.

278 1356 471 1391 Nolueram,
494 1354 673 1392 Polytime,
690 1358 767 1382 tuos
780 1352 906 1381 violare
923 1351 1059 1389 capillos
1106 1350 1184 1389 XII,
1205 1351 1257 1388 84.

277 1400 409 1429 Nomen
429 1409 501 1429 cum
520 1397 617 1427 violis
636 1397 789 1435 rosisque
807 1400 919 1425 natum
968 1393 1028 1431 IX,
1051 1403 1098 1424 11.

280 1442 411 1473 Nomen
430 1442 536 1472 habes
554 1440 661 1471 teneri
679 1440 767 1478 quod
782 1443 934 1477 tempora
952 1442 1122 1476 nuncupat
1140 1437 1218 1467 anni
1266 1435 1326 1468 IX,
1350 1444 1398 1465 12.

279 1486 412 1516 Nomen
430 1486 531 1516 habet
549 1483 660 1522 magni
677 1482 824 1513 volucris
842 1487 908 1512 tam
929 1491 1029 1520 parva
1047 1480 1214 1519 gigantis?
1263 1478 1360 1515 XIII,
1381 1478 1431 1516 78.

278 1530 492 1560 Nomentana
509 1537 619 1558 meum
636 1527 693 1557 tibi
712 1527 767 1556 dat
785 1525 953 1555 vindemia
971 1525 1140 1555 Bacchum
1188 1522 1284 1560 XIII,
1307 1532 1377 1560 119.

277 1573 423 1603 Nomina
440 1571 600 1602 candelae
618 1570 715 1600 nobis
732 1569 868 1608 antiqua
883 1569 1051 1598 dederunt
1097 1567 1188 1606 XIV,
1208 1577 1259 1605 43.

278 1617 423 1646 Nomina
441 1617 496 1646 dat
513 1615 665 1654 spondae
682 1614 782 1653 pictis
799 1612 1022 1651 pulcherrima
1040 1611 1153 1650 pinnis
1198 1609 1290 1643 XIV,
1308 1610 1360 1648 85.

280 1660 356 1690 Non
374 1670 448 1690 amo
467 1659 556 1698 quod
574 1659 693 1688 vincat.
714 1657 773 1686 sed
791 1656 880 1695 quod
897 1655 1115 1686 succumbere
1132 1654 1224 1684 novit
1270 1652 1363 1689 XIV,
1380 1660 1455 1682 201.

280 1704 356 1733 Non
374 1714 448 1733 amo
467 1707 510 1737 te,
531 1702 655 1739 Sabidi,
676 1711 736 1730 nec
754 1709 890 1738 possum
907 1699 1020 1729 dicere
1038 1708 1142 1737 quare
1178 1697 1205 1734 Ι,
1221 1706 1274 1734 32.

281 1746 357 1776 Non
375 1751 472 1776 cenat
490 1746 563 1775 sine
580 1755 662 1783 apro
679 1749 804 1781 noster,
825 1743 909 1781 Tite,
930 1742 1142 1772 Caecilianus
1187 1739 1264 1776 VII,
1283 1750 1335 1778 59.

279 1789 355 1820 Non
374 1791 415 1820 de
434 1790 531 1828 plebe
549 1789 668 1818 domus
687 1797 748 1816 nec
764 1796 887 1816 avarae
904 1796 1011 1815 verna
1027 1790 1174 1815 catastae
1219 1783 1277 1823 VI.
1297 1793 1348 1822 29.

280 1833 355 1863 Non
374 1834 415 1863 de
432 1834 463 1862 vi
482 1842 591 1870 neque
608 1831 710 1860 caede
728 1840 791 1859 nec
809 1839 941 1858 veneno
987 1828 1044 1867 Vl,
1068 1838 1116 1866 19.

283 1876 360 1906 Non
380 1876 498 1911 dicam,
518 1875 595 1904 licet
612 1884 719 1912 usque
738 1883 790 1902 me
807 1872 936 1909 rogetis
983 1871 1025 1909 ΙΙ,
1046 1881 1098 1909 23.

282 1920 356 1950 Non
376 1920 455 1959 dixi,
474 1918 651 1954 Coracine,
672 1921 704 1946 te
723 1916 898 1946 cinaedum
945 1914 1002 1951 IV,
1023 1924 1074 1951 43.

284 1963 361 1993 Non
380 1964 503 1993 donem
523 1961 580 1992 tibi
598 1971 656 1991 cur
673 1969 765 1989 meos
783 1959 915 1988 libellos
961 1957 1000 1996 V,
1024 1967 1072 1995 73.

282 2006 358 2036 Non
377 2006 439 2036 erit
457 2006 490 2035 in
508 2005 603 2035 turba
620 2003 794 2043 quisquam
811 2001 1010 2038 Μισούμενος
1026 2001 1087 2030 ista
1133 1999 1225 2039 XIV,
1244 2009 1318 2036 214.

285 2050 362 2079 Non
381 2054 432 2079 est
450 2049 483 2078 in
501 2047 627 2087 populo
646 2056 709 2076 nec
727 2046 808 2076 urbe
824 2049 895 2075 tota
942 2044 997 2082 IV,
1016 2045 1068 2082 84.

284 2093 360 2123 Non
379 2098 430 2122 est
449 2093 512 2122 ista
529 2100 657 2129 recens,
678 2100 740 2119 nec
758 2089 864 2119 nostri
883 2088 988 2126 gloria
1006 2087 1090 2117 caeli
1129 2085 1223 2121 XIV,
1238 2095 1291 2124 93.

285 2137 363 2166 Non
381 2141 431 2166 est
448 2136 523 2165 lana
540 2132 621 2164 mffii
639 2133 782 2163 mendax
801 2143 863 2162 nec
882 2136 993 2161 mutor
1007 2132 1117 2160 aheno
1164 2128 1255 2166 XIV,
1278 2137 1346 2166 133.

283 2180 357 2210 Non
375 2184 426 2209 est
442 2178 602 2208 mentitus
618 2177 674 2216 qui
691 2181 724 2206 te
741 2175 819 2205 mihi
837 2175 920 2205 dixit
938 2174 1062 2204 habere
1109 2172 1169 2212 XI,
1194 2182 1263 2203 102.

284 2223 360 2253 Non
379 2228 429 2252 est
447 2231 586 2251 munera
603 2220 692 2259 quod
709 2224 808 2258 putes
824 2218 944 2258 pusilla
990 2216 1081 2255 XIV,
1105 2226 1152 2247 10.

283 2266 360 2296 Non
379 2272 441 2301 est,
460 2265 582 2301 Tucca,
598 2263 679 2294 satis
695 2263 784 2300 quod
804 2272 840 2292 es
857 2261 993 2299 gulosus
1039 2259 1116 2298 XII,
1136 2270 1187 2297 41.

286 2310 363 2339 Non
382 2309 457 2339 facit
474 2309 515 2338 ad
533 2316 654 2338 saevos
671 2306 795 2344 cerviX,
815 2305 878 2334 nisi
897 2304 1013 2343 prima,
1033 2303 1152 2333 leones
1198 2301 1223 2340 Ι,
1243 2311 1294 2340 51.

286 2353 362 2382 Non
380 2352 500 2382 habilis
517 2351 647 2390 cyathis
665 2354 698 2379 et
715 2349 842 2379 inutilis
858 2358 921 2377 uva
938 2348 1052 2385 Lyaeo
1098 2345 1195 2384 XIII,
1215 2355 1267 2375 22.

286 2396 364 2426 Non
382 2395 470 2426 horti
488 2404 596 2434 neque
614 2393 760 2432 palmitis
776 2392 864 2422 beati
910 2390 1003 2429 VIII,
1024 2401 1075 2428 40.

286 2440 363 2470 Non
381 2440 443 2470 hos
459 2439 535 2469 lana
551 2437 642 2468 dedit
659 2437 719 2467 sed
736 2435 862 2466 olentis
878 2434 979 2464 barba
996 2433 1102 2463 mariti
1149 2432 1242 2471 XIV,
1263 2440 1333 2469 141.
