1684 2763
183 142 237 178 M.
272 141 393 178 VAL.
429 141 743 178 MARTIALIS

181 252 319 292 iustius
348 260 387 291 at
416 259 566 302 quanto
596 251 734 291 mirere
764 253 872 302 quod
902 260 1013 290 exeat
1043 265 1155 299 unus,

233 318 415 356 labantur
444 317 516 357 toti
545 332 636 356 cum
666 317 763 356 mihi
792 331 909 368 saepe
939 317 1034 357 dies.

181 397 260 422 non
291 383 537 422 resalutantis
567 383 683 422 video
714 391 929 422 nocturnus
958 383 1119 430 amicos,

233 450 403 498 gratulor
431 456 470 488 et
499 448 659 496 multis3
696 462 826 495 nemo,
859 448 998 495 Potite,
1030 447 1137 486 mihi.

180 527 286 552 nunc
315 515 365 552 ad
395 514 595 552 luciferam
626 513 751 563 signat
783 527 869 551 mea
898 527 1054 563 gemma
1085 513 1266 559 Dianam,

234 592 339 617 nunc
370 592 432 617 me
462 578 586 629 prima
615 578 700 625 sibi,
732 591 839 616 nunc
869 577 943 615 sibi
973 578 1111 628 quinta
1140 578 1248 628 rapit.

180 657 285 682 nunc
315 645 453 682 consul
483 650 685 693 praetorve
715 650 822 681 tenet
851 644 1095 693 reducesque
1125 644 1302 690 choreae,

233 709 389 747 auditur
418 717 502 747 toto
532 722 649 759 saepe
678 716 797 759 poeta
825 708 900 747 die.

180 775 248 812 sed
279 787 352 812 nec
382 773 583 812 causidico
614 773 739 823 possis
769 773 918 823 inpune
948 786 1100 823 negare,

233 853 305 878 nec
335 839 367 878 si
396 847 434 878 te
463 840 594 877 rhetor
621 838 947 889 grammaticusve
976 846 1136 888 rogent:

180 907 320 944 balnea
349 912 437 955 post
467 906 677 943 decumam
707 905 810 942 lasso
839 911 1080 953 centumque
1110 910 1296 954 petuntur

232 971 480 1020 quadrantes,
541 969 625 1008 Fiet
654 971 826 1019 quando,
859 969 998 1016 Potite,
1030 968 1156 1007 liber?

662 1070 796 1107 LXXI

179 1141 369 1191 Quisquis
399 1142 501 1179 laeta
530 1139 605 1178 tuis
635 1147 673 1178 et
703 1153 787 1178 sera
816 1139 1043 1189 parentibus
1074 1147 1186 1189 optas

232 1207 319 1252 fata,
354 1206 511 1244 brevem
542 1205 698 1243 titulum
730 1203 932 1241 marmoris
962 1203 1078 1241 huius
1107 1216 1206 1241 ama.

178 1271 357 1309 condidit
386 1272 459 1309 hac
489 1284 596 1308 caras
626 1271 762 1308 tellure
794 1269 976 1307 Rabirius
1005 1269 1163 1307 umbras
1179 1283 1189 1315 3

234 1336 329 1374 nulli
359 1344 461 1374 sorte
491 1335 618 1374 iacent
648 1334 877 1373 candidiore
906 1347 1043 1372 senes:

181 1401 238 1440 bis
269 1416 335 1440 sex
364 1403 484 1439 lustra
513 1400 586 1439 tori
616 1414 694 1438 nox
724 1399 827 1438 mitis
858 1407 895 1437 et
925 1399 1062 1437 ultima
1091 1398 1214 1445 clusit,

232 1474 408 1505 arserunt
438 1480 519 1505 uno
549 1467 685 1504 funera
714 1465 808 1503 bina
837 1478 941 1514 rogo.

182 1534 270 1571 Hos
300 1539 431 1570 tamen
463 1540 504 1570 ut
534 1531 667 1581 primis
698 1538 829 1580 raptos
858 1529 932 1568 sibi
963 1529 1114 1579 quaerit
1143 1528 1183 1566 in
1212 1528 1336 1566 annis.

234 1597 436 1647 inprobius
467 1596 563 1635 nihil
593 1596 653 1635 his
683 1595 840 1634 fletibus
869 1608 955 1634 esse
983 1602 1124 1645 potest.

655 1704 811 1741 LXXII

288 1777 453 1822 Frustra,
487 1773 718 1821 Blanditiae,
749 1773 889 1811 venitis
917 1774 969 1811 ad
999 1785 1061 1810 me

286 1839 436 1878 adtritis
467 1838 706 1876 miserabiles
736 1837 910 1875 labellis:

287 1904 461 1942 dicturus
490 1902 697 1942 dominum
727 1903 927 1951 deumque
957 1914 1037 1939 non
1067 1914 1164 1938 sum.

287 1969 363 2007 iarn
394 1982 474 2007 non
504 1976 562 2006 est
591 1969 700 2005 locus
731 1968 804 2004 hac
833 1966 873 2004 in
904 1966 999 2004 urbe
1028 1965 1139 2004 vobis
1156 1980 1166 2012 ,-

286 2035 335 2072 ad
366 2035 531 2071 Parthos
560 2034 696 2083 procul
725 2031 776 2070 ite
806 2031 984 2081 pilleatos

287 2106 324 2136 et
354 2106 485 2148 turpes
514 2098 762 2147 humilesque
791 2095 1067 2146 supplicesque

285 2163 479 2212 pictorum
509 2164 593 2201 sola
621 2161 770 2200 basiate
798 2174 943 2210 regum.

1475 723 1513 745 10

225 2267 321 2297 LXX
345 2277 364 2305 5
390 2277 479 2297 nunc
496 2266 571 2298 Ital.
692 2276 713 2303 9
738 2275 883 2295 coronae
901 2263 1027 2294 Munro
1142 2273 1180 2293 12
1203 2263 1507 2302 grammaticusque

181 2311 254 2341 Ital.
346 2316 441 2349 reget
457 2321 533 2340 corr.
556 2313 653 2348 roget
673 2308 723 2347 Q:
748 2308 878 2347 rogetf
1088 2306 1203 2337 LXXI
1227 2318 1276 2338 vv.
1304 2316 1364 2345 1—4
1383 2305 1456 2338 lzab.
1475 2305 1508 2336 R

180 2367 198 2393 4
225 2354 315 2384 nulla
331 2353 391 2384 ΑΛ
522 2363 540 2391 5
566 2357 599 2382 et
618 2353 715 2382 unica
736 2350 874 2381 Gilberl:
898 2354 931 2380 at
948 2349 1063 2380 ultima
1080 2349 1219 2380 Sclzcnkl

183 2398 338 2428 Heinsius
555 2395 687 2426 LXXII
713 2405 732 2424 2
756 2394 878 2424 attritis
898 2394 990 2434 (atr.)
1009 2393 1074 2424 cod.

1334 2360 1351 2388 7
1377 2354 1506 2380 maeret
