1684 2763
197 152 251 188 M.
284 151 406 188 VAL.
440 151 752 189 MARTIALIS

195 263 371 314 indulget
400 270 532 302 tamen
562 263 626 302 ille
657 263 753 310 Iovi,
785 276 858 302 nec
887 263 1030 302 vertice
1060 272 1168 302 moto

249 336 451 367 concretas
481 328 590 378 pigro
619 328 758 378 frigore
787 328 887 367 ridet
915 342 1047 378 aquas,

195 393 303 432 sidus
335 393 581 443 Hyperborei
612 393 748 431 solitus
778 395 919 432 lassare
951 396 1101 432 Bootae
1505 410 1522 441 5

249 465 287 496 et
317 458 486 496 madidis
518 458 688 496 Helicen
718 458 962 497 dissimulare
992 458 1126 497 comis.

198 522 297 571 Quis
327 523 439 561 siccis
469 523 619 561 lascivit
648 523 759 573 aquis
789 532 827 562 et
855 524 906 562 ab
935 525 1092 562 aethere
1121 523 1249 562 ludit?

250 587 428 637 suspicor
456 589 526 625 has
556 588 665 638 pueri
695 588 873 627 Caesaris
903 601 988 626 esse
1017 588 1137 626 nives.

724 686 783 723 IV

305 757 425 805 Quod
456 755 582 794 siccae
612 756 761 794 redolet
792 757 902 805 palus
932 757 1106 802 lacunae,

304 822 511 859 crudarum
543 820 710 858 nebulae
740 822 848 870 quod
877 821 1121 867 Albularum,

304 885 477 935 piscinae
507 893 616 923 vetus
646 898 739 923 aura
768 886 877 934 quod
907 885 1092 931 marinae,

304 951 412 999 quod
443 963 574 999 pressa
604 949 711 999 piger
739 949 869 988 hircus
899 949 937 987 in
968 951 1129 999 capella,

305 1014 394 1052 lassi
422 1014 626 1053 vardaicus
656 1016 764 1064 quod
794 1015 956 1061 evocati,
1508 1032 1524 1063 ς,

305 1081 413 1129 quod
444 1079 503 1117 bis
534 1079 680 1117 murice
710 1081 831 1118 vellus
862 1079 1121 1129 inquinatum,

306 1146 414 1194 quod
444 1144 588 1182 ieiunia
618 1144 937 1191 sabbatariarum,

307 1217 545 1248 maestorum
575 1211 683 1259 quod
713 1209 908 1248 anhelitus
938 1223 1103 1255 reorum,

307 1275 415 1323 quod
445 1287 608 1323 spurcae
638 1273 808 1312 moriens
838 1276 997 1313 lucerna
1028 1276 1170 1319 Ledae,

307 1340 415 1388 quod
445 1347 642 1376 ceromata
672 1340 780 1377 faece
810 1341 860 1377 de
895 1339 1050 1385 Sabina,
1490 1356 1528 1378 10

307 1405 415 1453 quod
445 1403 569 1453 volpis
600 1405 700 1453 fuga,
732 1404 886 1453 viperae
915 1404 1058 1451 cubile,

309 1470 464 1507 mallem
497 1482 616 1518 quam
648 1470 756 1519 quod
786 1471 868 1507 oles
898 1471 1012 1515 olere,
1046 1471 1177 1507 Bassa.

737 1569 773 1604 V

202 1638 270 1676 Vir
300 1638 428 1676 bonus
458 1646 495 1676 et
526 1652 674 1688 pauper
702 1639 913 1688 linguaque
943 1646 981 1676 et
1010 1646 1168 1688 pectore
1198 1651 1319 1680 verus,

255 1702 350 1751 quid
381 1701 449 1739 tibi
481 1702 537 1739 vis
568 1702 703 1739 urbem
735 1702 811 1751 qui,
846 1702 1029 1748 Fabiane,
1062 1702 1194 1751 petis?

203 1766 267 1816 qui
301 1779 372 1804 nec
403 1767 492 1804 leno
522 1774 634 1815 potes
664 1779 737 1804 nec
767 1767 999 1804 comissator
1028 1766 1161 1804 haberi

258 1844 330 1869 nec
360 1830 523 1879 pavidos
553 1831 650 1868 tristi
680 1844 776 1868 voce
805 1831 925 1869 citare
954 1844 1040 1869 reos

204 1909 277 1934 nec
307 1903 418 1944 potes
448 1908 607 1933 uxorem
639 1894 716 1932 cari
746 1908 995 1945 corrumpere
1023 1895 1139 1934 amici
1513 1911 1530 1942 5

258 1973 330 1998 nec
361 1968 471 2009 potes
501 1961 674 2009 algentes
703 1959 867 2009 arrigere
896 1962 947 1998 ad
975 1962 1135 2006 vetulas,

204 2025 373 2063 vendere
403 2038 475 2063 nec
505 2037 626 2062 vanos
656 2024 758 2063 circa
788 2025 935 2064 Palatia
964 2027 1092 2064 fumos

258 2091 443 2140 plaudere
472 2102 545 2128 nec
576 2091 688 2128 Cano
717 2091 904 2139 plaudere
933 2104 1006 2129 nec
1037 2091 1263 2140 Glaphyro:

249 2181 298 2211 111
318 2192 337 2220 3
356 2186 447 2211 muto
462 2182 514 2211 ΒΑ
590 2192 608 2221 5
634 2182 858 2221 hyperboreis
872 2182 919 2213 CA
987 2193 1004 2222 7
1022 2184 1096 2222 quis
1107 2182 1325 2213 Schneidewin
1342 2193 1349 2212 τ
1368 2181 1423 2221 qui
1440 2180 1528 2212 codd.

251 2224 296 2255 IV
318 2235 367 2255 vv.
392 2235 460 2263 1—4.
485 2235 589 2255 11—12
612 2225 686 2254 hab.
711 2225 740 2255 T
864 2235 876 2254 1
905 2226 975 2256 sica
997 2227 1026 2256 T
1066 2225 1179 2265 palus]
1197 2226 1316 2266 paulus
1339 2225 1385 2255 T:
1421 2225 1532 2256 thalus

208 2267 255 2297 CA
348 2278 384 2297 12
409 2268 541 2299 mallem
559 2268 619 2297 AA
636 2268 772 2307 <malem
796 2269 838 2309 T)
855 2280 862 2299 :
885 2269 1002 2299 malles
1018 2269 1124 2299 ΒΑΕΔ

248 2311 278 2341 V
301 2311 373 2341 hab.
398 2311 427 2341 T
565 2322 577 2341 1
606 2322 715 2342 uanus
735 2313 782 2342 CA
799 2315 884 2352 (pro
904 2323 1026 2347 nonus,
1047 2314 1065 2343 i.
1081 2323 1105 2343 e.
1123 2312 1247 2343 bonus&
1347 2321 1467 2342 uersus
1485 2310 1533 2341 CA

205 2364 224 2393 3
249 2354 429 2384 comisator
447 2358 484 2384 ut
498 2354 560 2385 vid.
581 2354 630 2384 CA
740 2366 758 2393 4
783 2356 909 2394 pauido
933 2356 1039 2386 stricti
1068 2356 1114 2386 CA
1255 2365 1272 2394 7
1297 2355 1421 2385 circum
1447 2353 1525 2386 AA:

207 2399 293 2428 circa
318 2397 425 2428 BACA
565 2399 585 2428 8
610 2398 711 2439 cano]
731 2399 832 2438 plano
848 2398 907 2427 ΑΑ
