1684 2763
206 130 261 167 M.
292 129 415 167 VAL.
447 129 761 167 MARTIALIS

685 241 832 278 XXIII

208 323 401 362 Dentibus
430 330 549 373 atque
578 321 831 361 comis—nee
860 328 898 360 te
928 320 1223 372 pudet—uteris
1253 320 1406 371 emptis⁴

258 388 354 439 quid
382 387 499 426 facies
529 389 657 434 oculo,
689 386 851 425 Laelia?
889 399 970 425 non
999 385 1150 425 emitur.

693 513 833 550 XXIV

313 596 349 634 O
383 594 566 641 iucunda,
599 592 777 639 comme,
810 592 993 639 solitudo,

313 671 473 698 carruca
502 657 624 708 magis
655 658 876 706 essedoque
905 664 1059 707 gratum

313 723 472 761 facundi
502 722 598 760 mihi
628 735 771 759 munus
797 721 978 760 Aeliani!

314 788 377 826 hic
408 800 563 826 mecum
593 787 693 834 licet,
726 787 799 833 hic,
835 788 984 834 Iuvate‚
1015 786 1209 837 quidquid

315 852 354 890 in
384 853 549 891 buccam
581 851 650 890 tibi
680 851 828 890 venerit
858 851 1052 901 loquaris:
1518 867 1535 898 5

315 930 395 956 non
425 925 551 956 rector
580 916 717 966 Libyci
747 916 855 966 niger
883 916 1023 955 caballi

315 982 538 1020 succinctus
569 994 698 1031 neque
727 995 860 1020 cursor
889 982 1113 1029 antecedit3

316 1060 510 1097 nusquam
540 1054 597 1085 est
628 1046 773 1084 mulio:
813 1047 988 1085 mannuli
1018 1047 1214 1086 tacebunt.

317 1113 353 1151 O
383 1112 414 1150 si
443 1111 624 1150 conscius
654 1119 755 1149 esset
785 1111 847 1150 hic
877 1112 1027 1159 Avitus,

316 1190 450 1215 aurem
480 1190 560 1215 non
589 1189 662 1225 ego
691 1176 842 1215 tertiam
874 1176 1063 1215 timerem.
1502 1190 1538 1212 10

317 1249 421 1280 totus
451 1255 568 1291 quam
600 1241 701 1279 bene
730 1240 785 1279 sic
815 1241 898 1279 dies
927 1241 1076 1280 abiret!

711 1375 826 1410 XXV

213 1457 315 1495 Cum
345 1468 439 1505 rogo
469 1462 505 1493 te
535 1468 719 1493 nummos
749 1454 833 1493 sine
863 1454 1034 1505 pignore,
1067 1456 1172 1493 ‘non
1203 1454 1355 1493 habeo’
1386 1452 1539 1503 inquisj

265 1519 382 1566 idem,
415 1520 445 1557 si
475 1533 545 1570 pro
575 1533 637 1558 me
667 1521 836 1569 spondet
865 1521 1023 1569 agelluS,
1055 1519 1201 1557 habes:

213 1585 321 1634 quod
351 1584 447 1622 mihi
476 1598 556 1622 non
589 1585 714 1623 credis
744 1584 874 1631 veteri,
906 1584 1101 1630 Telesine,
1133 1583 1272 1631 sodali,

266 1649 391 1688 credis
423 1649 598 1687 coliculis
627 1650 914 1699 arboribusque
944 1649 1051 1688 meis.

215 1715 319 1752 Ecce
349 1726 457 1752 reum
488 1715 612 1753 Carus
642 1722 679 1752 te
709 1713 871 1752 detulit:
910 1713 1012 1752 adsit
1040 1713 1197 1763 agellus.
1525 1727 1541 1759 5

267 1778 369 1817 exilii
398 1778 584 1817 comitem
615 1778 788 1828 quaeris:
830 1780 977 1828 agellus
1007 1785 1079 1816 eat.

620 1905 757 1942 XXVI
789 1903 986 1954 (XXVII)

322 1987 360 2023 A
389 1984 604 2023 latronibus
634 1997 719 2023 esse
748 1992 785 2022 te
815 1985 979 2022 fututam

323 2048 432 2095 dicis,
464 2048 627 2087 Saenia:
667 2050 736 2087 sed
766 2056 910 2099 negant
939 2050 1118 2087 latrones.

262 2152 382 2183 XXIII
407 2151 480 2184 hab.
500 2152 534 2183 R
768 2151 886 2182 XXIV
909 2162 928 2191 3
952 2151 1074 2183 aeliani
1101 2151 1150 2182 CA
1297 2152 1317 2180 6
1342 2155 1453 2181 rector
1475 2173 1483 2182 .
1510 2173 1540 2182 ..

217 2196 335 2228 caballi
360 2195 437 2226 BA:
460 2200 578 2226 uector
603 2219 609 2226 .
634 2218 641 2225 .
666 2219 673 2226 .
699 2195 826 2226 caballo
853 2195 900 2226 CA
1046 2196 1066 2225 8
1091 2204 1256 2233 nusquam
1279 2194 1356 2225 BA:
1380 2203 1543 2233 nusquam

219 2244 270 2270 est
296 2239 462 2278 CA2f0rt.
484 2243 682 2277 nusquamst
820 2248 841 2277 9
865 2239 944 2269 hinc
959 2238 1005 2269 ait
1030 2238 1140 2269 uictus
1159 2238 1208 2268 CA
1342 2247 1381 2267 10
1404 2237 1544 2267 tImente

222 2283 271 2314 CA
446 2282 545 2312 XXV
569 2282 641 2312 ltab.
669 2282 697 2312 T
785 2292 798 2312 1
825 2292 891 2311 non
910 2292 974 2312 om.
998 2281 1047 2312 CA
1134 2292 1153 2319 4
1180 2280 1341 2312 codiculis
1361 2280 1439 2309 AA:
1465 2280 1545 2310 coli-

221 2326 303 2356 culis
319 2325 425 2356 BACA
555 2326 576 2354 6
601 2335 642 2355 ex
661 2325 705 2354 illi
731 2325 778 2356 T:
803 2325 882 2355 exili
902 2325 973 2356 CA:
998 2325 1100 2355 exilio
1116 2324 1190 2355 Ital.
1386 2322 1500 2354 XXVI
1526 2333 1545 2352 2

221 2369 316 2401 senia
333 2368 420 2401 codd.
512 2373 638 2407 negant
656 2368 748 2409 (EA)
767 2369 817 2398 vel
833 2373 934 2408 negat
953 2365 1020 2409 (X)
1040 2367 1088 2399 CA
