1684 2763
748 154 1219 192 EPIGRAMMATON
1253 155 1354 191 LIB.
1390 155 1453 192 III

123 280 190 304 cur
220 267 296 304 hoc
325 272 508 316 expectas
537 278 559 303 a
590 279 664 312 me,
697 278 802 315 rogo,
835 267 1024 312 Naevole‚
1056 267 1190 304 dicas:

177 345 280 378 nam,
312 339 420 381 puto,
452 344 526 369 nec
557 331 705 378 melior,
738 333 926 378 Naevole,
959 346 1032 370 nec
1063 331 1167 381 prior
1196 345 1247 370 es.

123 396 295 446 praemia
324 397 485 434 laudato
515 395 649 434 tribuit
680 395 776 434 mihi
807 397 952 435 Caesar
982 404 1147 447 uterque
1440 414 1456 443 ,ς

176 469 439 511 natorumque
469 462 579 500 dedit
609 461 691 499 iura
720 469 882 512 paterna
911 461 1039 500 trium.

123 540 189 566 ore
219 529 326 577 legor
356 529 480 565 multo
511 535 731 577 notumque
762 540 830 577 per
859 527 1009 577 oppida
1040 542 1186 566 nomen

178 605 258 631 non
288 600 495 642 expectato
525 594 592 631 dat
623 592 719 630 mihi
749 593 853 631 fama
882 606 987 643 rogo.

124 665 181 696 est
211 666 249 696 et
279 657 318 695 in
348 659 425 696 hoc
454 657 631 708 aliquid:
670 657 767 696 vidit
798 672 861 696 me
892 660 1024 696 Roma
1053 659 1253 697 tribunum

178 730 215 761 et
245 724 366 761 sedeo
396 737 474 773 qua
503 731 541 762 te
571 723 732 761 suscitat
762 724 959 762 Oceanus.
1423 739 1459 762 10

124 796 221 838 quot
251 788 347 826 mihi
378 789 573 827 Caesareo
603 788 694 827 facti
724 796 814 827 sunt
844 803 1006 828 munere
1036 789 1151 835 cives,

178 867 252 892 nec
282 855 450 892 famulos
480 853 645 892 totidem
676 853 854 903 suspicor
883 868 967 892 esse
997 854 1078 893 tibi.

126 920 204 958 Sed
235 918 437 969 pedicaris‚
470 920 540 957 sed
570 921 743 969 pulchre,
777 921 965 966 Naevole,
999 933 1123 958 ceves.

179 985 255 1023 iam
287 984 363 1022 iam
395 992 435 1022 tu
466 984 570 1034 prior
598 998 650 1031 es,
684 986 872 1031 Naevole‚
904 984 1051 1023 vincis:
1091 986 1200 1023 have.

611 1080 748 1119 XCVI

236 1150 379 1201 Lingis,
412 1164 492 1188 non
523 1149 642 1188 futuis
673 1163 802 1188 meam
833 1152 1003 1200 puellam

234 1223 272 1255 et
301 1215 419 1266 garris
449 1215 560 1266 quasi
590 1217 780 1254 moechus
810 1224 848 1254 et
878 1217 1036 1254 fututor.

235 1281 274 1320 Si
305 1289 342 1320 te
372 1282 577 1332 prendero,
611 1281 769 1330 Gargili,
801 1281 961 1320 tacebis.

605 1377 765 1416 XCVII

129 1450 190 1487 Ne
220 1450 321 1498 legat
350 1449 457 1486 hunc
486 1447 653 1494 Chione,
686 1449 834 1486 mando
863 1447 944 1494 tibi,
978 1449 1092 1495 Rufe,
1125 1449 1301 1487 libellum

182 1512 354 1552 carmine
383 1515 488 1551 laesa
517 1526 607 1551 meo
637 1520 707 1559 est,
738 1513 894 1551 laedere
924 1520 961 1551 et
991 1513 1056 1552 illa
1085 1522 1225 1564 potest.

595 1612 779 1650 XCVIII

236 1681 294 1720 Sit
323 1683 434 1720 culus
463 1680 534 1719 tibi
563 1695 682 1731 quam
714 1694 855 1728 macer,
887 1682 1081 1732 requiris?

236 1747 419 1798 pedicare
448 1754 570 1797 potes,
604 1747 769 1793 Sabelle,
802 1748 902 1785 culo.

614 1845 752 1885 XCIX

133 1916 251 1955 Irasci
281 1924 415 1955 nostro
445 1930 526 1954 non
555 1916 689 1963 debes,
722 1917 852 1963 cerdo,
884 1916 1028 1955 libello.

184 1995 245 2020 ars
275 1989 342 2020 tua
370 1995 451 2019 non
480 1981 558 2019 vita
587 1989 646 2019 est
675 1981 848 2019 carmine
877 1983 982 2020 laesa
1012 1996 1112 2021 meo.

132 2047 325 2086 innocuos
355 2046 537 2096 permitte
566 2048 676 2085 sales.
738 2047 819 2085 Cur
848 2048 983 2086 ludere
1013 2048 1129 2087 nobis

186 2126 266 2150 non
296 2112 421 2159 liceat,
452 2112 561 2150 licuit
590 2111 621 2149 si
650 2111 823 2161 iugulare
853 2112 952 2150 tibi?

175 2227 195 2256 3
219 2220 380 2256 expectas
397 2216 528 2246 AACA:
553 2218 714 2254 expectes
732 2214 786 2244 ΒΑ
917 2226 935 2253 4
961 2227 1023 2248 nec
1049 2228 1091 2249 rn.
1117 2219 1254 2250 AABA:
1285 2230 1328 2250 ne
1354 2230 1394 2250 m.
1418 2220 1465 2251 CA

134 2261 203 2301 (me
222 2271 263 2290 m.
287 2261 328 2298 C)
428 2261 447 2289 8
471 2263 668 2299 expectatos
687 2282 694 2288 .
709 2281 717 2289 .
738 2282 745 2289 .
766 2268 866 2297 rogos
886 2259 934 2290 CA
1033 2272 1054 2300 9
1079 2267 1130 2293 est
1148 2262 1197 2302 et]
1215 2269 1307 2294 esset
1324 2263 1379 2293 BA

178 2304 289 2334 XCVI
315 2312 335 2341 3
360 2304 528 2342 prendere
548 2303 597 2333 CA
687 2302 828 2341 gargille
848 2303 985 2342 t-gyllel
1004 2304 1060 2334 ΒΑ

178 2347 308 2377 XCVII
333 2347 406 2378 lzah.
425 2347 457 2376 R
867 2346 1015 2377 XCVIII
1044 2358 1057 2378 1
1087 2348 1240 2379 Sicculus
1260 2350 1307 2381 CA
1325 2354 1361 2380 ul
1377 2350 1439 2380 vid.

179 2390 296 2420 XCIX
320 2389 393 2421 hab.
417 2390 446 2420 T
581 2399 600 2428 3
624 2399 691 2419 non
710 2397 836 2419 nocuos
853 2390 933 2420 AA:
968 2391 1131 2422 innocuos
1147 2393 1252 2423 BACA
1348 2394 1466 2423 ludere

137 2433 279 2463 AABA:
303 2432 438 2464 laedere
451 2433 500 2464 CA
641 2443 660 2470 4
684 2431 793 2470 licuit,
810 2433 908 2463 liceat
926 2434 1058 2465 AACA:
1083 2436 1192 2475 liceat,
1213 2437 1307 2468 licuit
1324 2437 1379 2468 BA

181 2486 287 2508 MART.
309 2485 360 2506 ΕΡ.
1361 2481 1378 2509 7
