1684 2763
192 142 244 177 M.
278 141 399 177 VAL.
432 141 742 178 MARTIALIS

188 252 510 290 Germanicarum
540 266 681 302 magna
709 254 774 290 lux
805 253 1085 297 Kalendarum,

188 317 355 367 Tarpeia
384 317 526 355 summi
555 331 646 356 saxa
675 319 769 356 dum
799 317 917 366 patris
946 318 1115 360 stabunt,
1491 333 1508 363 5

187 382 283 418 dum
312 395 408 420 voce
437 384 601 432 supplex
629 384 805 432 dumque
834 390 918 420 ture
946 382 1115 432 placabit

189 453 366 484 matrona
394 447 507 485 divae
535 448 651 485 dulce
681 447 804 484 Iuliae
833 460 1002 484 numen:

189 511 363 549 manebit
390 513 513 549 altum
543 511 698 550 Flaviae
727 513 847 550 decus
877 511 1002 561 gentis

188 589 278 613 cum
308 578 390 614 sole
419 584 457 614 et
484 577 595 614 astris
624 590 794 625 cumque
823 578 910 613 luce
942 578 1131 613 Romana.

189 640 331 679 invicta
360 641 554 690 quidquid
584 640 762 679 condidit
792 654 940 686 manus,
972 640 1068 678 caeli
1099 648 1165 678 est.
1475 656 1512 677 10

724 754 766 790 II

192 838 342 884 Pauper
369 834 564 873 amicitiae
593 847 683 872 cum
712 833 774 880 sis,
804 835 925 883 Lupe,
957 846 1038 871 non
1067 846 1107 870 es
1135 832 1284 870 amicae

243 908 280 938 et
310 899 483 949 queritur
510 900 561 937 de
589 906 627 936 te
657 899 831 936 mentula
860 899 942 936 sola
970 897 1076 935 nihil.

191 966 254 1002 illa
282 964 467 1014 siligineis
496 963 713 1013 pinguescit
741 964 917 1001 adultera
946 962 1096 1008 cunnis,

243 1029 449 1068 convivam
478 1028 602 1078 pascit
631 1028 738 1078 nigra
766 1027 888 1065 farina
916 1035 1038 1065 tuum.

191 1095 396 1133 incensura
425 1094 532 1131 nives
562 1092 747 1131 dominae
776 1092 908 1130 Setina
936 1092 1142 1141 liquantur,
1494 1106 1512 1137 5

245 1172 316 1197 nos
346 1158 518 1196 bibimus
549 1157 661 1197 Corsi
690 1158 795 1207 pulla
823 1170 975 1195 venena
1003 1156 1114 1202 eadi;

192 1230 323 1273 empta
352 1222 422 1260 tibi
451 1236 529 1260 nox
558 1229 615 1260 est
644 1222 774 1259 fundis
804 1235 884 1259 non
914 1228 995 1259 tota
1024 1220 1205 1270 paternis,

246 1301 326 1325 non
356 1301 425 1325 sua
454 1288 630 1324 desertus
659 1299 746 1323 rura
775 1286 920 1323 sodalis
949 1292 1030 1323 arat
1046 1299 1056 1332 3

192 1353 372 1402 splendet
404 1350 624 1400 Erythraeis
653 1350 853 1400 perlucida
882 1351 1048 1388 moecha
1077 1349 1226 1399 lapillis,

245 1416 401 1455 ducitur
428 1415 621 1462 addictus,
653 1422 692 1453 te
720 1416 908 1461 futuente,
940 1414 1086 1461 cliens;
1478 1428 1516 1449 10

193 1489 283 1519 octo
313 1481 415 1530 Syris
445 1482 601 1518 suffulta
629 1481 744 1518 datur
772 1479 909 1518 lectica
937 1481 1100 1529 puellae,

246 1547 397 1584 nudum
428 1545 654 1594 sandapilae
683 1546 840 1594 pondus
868 1544 1018 1582 amicus
1047 1543 1127 1582 erit.

195 1613 211 1648 1
244 1624 349 1648 nunc
378 1618 415 1648 et
447 1610 617 1656 miseros,
651 1610 809 1658 Cybele,
842 1608 1023 1658 praecide
1052 1608 1263 1645 cinaedos:

247 1677 344 1712 haec
374 1682 463 1720 erat,
496 1675 593 1712 haec
622 1674 754 1712 cultris
784 1675 958 1711 mentula
986 1673 1104 1723 digna
1134 1671 1218 1710 tuis.

719 1784 785 1820 III

197 1865 399 1910 Quantum
430 1861 506 1898 iarn
536 1860 695 1910 superis,
730 1861 882 1905 Caesar,
915 1861 1104 1908 caeloque
1133 1859 1273 1897 dedisti

248 1926 279 1963 si
309 1933 460 1975 repetas
490 1932 528 1963 et
557 1925 589 1962 si
617 1924 786 1962 creditor
815 1937 899 1962 esse
928 1923 1033 1969 velis⁷

194 1991 349 2039 grandis
379 1990 417 2027 in
447 1989 620 2028 aetherio
649 1989 739 2027 licet
767 1988 897 2026 auctio
926 1989 991 2025 fiat
1021 1989 1192 2036 Olympo

248 2063 514 2104 coganturque
543 2053 607 2092 dei
635 2054 805 2091 vendere
833 2052 1026 2102 quidquid
1055 2052 1212 2097 habent,

241 2158 253 2188 Ι
279 2168 298 2196 5
322 2158 407 2197 patri
439 2157 487 2187 CA
588 2157 609 2185 6
634 2156 777 2196 placebit
795 2160 830 2185 nl
845 2155 907 2186 vid.
928 2155 977 2186 CA
1086 2165 1103 2193 7
1129 2165 1251 2184 numen
1270 2154 1342 2185 Ital.
1362 2166 1368 2184 :
1393 2163 1516 2184 nomen

196 2201 283 2232 codd.
389 2202 408 2229 8
433 2200 543 2239 gentis
559 2210 623 2230 om.
646 2199 695 2229 CA
807 2210 846 2229 10
869 2199 996 2229 caelum
1014 2197 1090 2228 BA:
1114 2198 1197 2228 caeli
1218 2197 1267 2227 CA
1440 2197 1472 2227 11
1498 2207 1517 2226 2

197 2246 268 2275 sola
284 2254 348 2274 om.
370 2243 418 2273 CA
436 2247 581 2283 iproptcr
594 2243 796 2273 lionmeolelff
937 2251 956 2279 5
981 2242 1126 2280 liquatur
1142 2240 1196 2270 ΒΑ
1330 2241 1351 2270 6
1375 2240 1517 2270 uiuimus

198 2288 248 2318 CA
263 2288 328 2323 mle.
348 2287 432 2317 bib-N
569 2287 649 2316 torti
668 2285 717 2315 CA
735 2285 806 2324 (sed
819 2285 896 2315 tosti
914 2284 962 2320 X)
985 2286 1010 2323 (t
1021 2290 1081 2324 pro
1098 2285 1128 2323 c)
1150 2296 1156 2314 ε
1180 2284 1279 2314 Tusci
1297 2282 1521 2313 Frz‘edlaender

197 2333 216 2360 8
243 2331 326 2371 non]
345 2331 385 2359 ad
406 2329 454 2359 CA
472 2329 548 2368 (pro
564 2329 640 2367 had,
660 2330 711 2360 tsse.
733 2329 820 2358 haud
835 2329 858 2368 ἲ)
877 2340 883 2358 ε
909 2328 995 2358 haud
1013 2327 1090 2357 Alci.
1269 2337 1306 2365 14
1331 2327 1450 2358 cultrix
1469 2325 1518 2356 CA

244 2374 291 2403 ΙΙΙ
315 2385 334 2412 4
360 2373 460 2403 habet
478 2372 527 2402 CA
