1684 2763
226 162 281 198 M.
314 162 435 198 VAL.
469 162 782 199 MARTIALIS

224 286 328 310 nunc
358 280 400 310 ut
429 286 558 311 emam
586 273 824 322 grandemve
852 274 988 322 lupum
1018 274 1232 311 mullumve
1260 273 1453 321 bilibrem,

277 336 416 376 indixit
443 350 582 375 cenam
612 337 720 375 dives
749 337 876 375 amica
904 337 985 375 tibi.
1512 354 1550 375 10

224 403 280 442 sit
308 404 437 452 pudor
465 411 504 441 et
532 404 693 442 tandem
722 403 801 441 veri
829 411 1028 452 respectus
1057 411 1096 442 et
1123 403 1263 453 aequi:

278 468 331 505 nil
361 467 442 515 tibi,
475 468 611 517 Phylli,
644 481 744 518 nego
762 483 773 515 ;
810 468 864 505 nil
898 468 1004 515 mihi,
1037 468 1173 517 Phylli,
1206 482 1314 518 nega.

665 550 698 586 L
727 549 896 599 (XLIX)

227 621 310 657 Iam
341 632 462 668 prope
491 619 666 657 desertos
696 618 845 656 cineres
874 626 912 656 et
941 627 1076 656 sancta
1107 619 1283 657 Maronis

279 683 439 721 nomina
467 682 534 732 qui
563 684 709 721 coleret
738 696 887 733 pauper
915 691 954 721 et
985 696 1087 721 unus
1121 691 1212 722 erat.

225 747 339 785 Silius
368 750 576 797 †optatae†
604 760 827 786 succurrere
855 747 1007 786 censuit
1036 748 1208 795 umbrae,

279 812 394 850 Silius
424 820 462 850 et
492 820 637 860 vatem,
665 825 746 850 non
777 812 905 850 minor
933 812 1027 862 ipse,
1060 812 1162 850 colit.

752 895 807 932 Ll

334 966 462 1002 Tanta
490 973 548 1003 est
577 978 678 1014 quae
707 964 814 1002 Titio
843 966 1027 1003 columna
1056 966 1202 1014 pendet

335 1036 523 1078 quantam
554 1029 811 1078 Lampsaciae
841 1031 977 1067 colunt
1006 1031 1171 1079 puellae.

334 1090 398 1129 hic
427 1092 534 1128 nullo
564 1091 777 1129 comitante
806 1105 879 1129 nec
910 1093 1076 1130 molesto

334 1155 494 1193 thermis
522 1155 735 1204 grandibus
764 1163 802 1193 et
831 1155 909 1193 suis
938 1157 1096 1193 lavatur.

337 1223 512 1270 Anguste
541 1220 668 1258 Titius
698 1228 829 1258 tamen
859 1222 1016 1258 lavatur.

746 1302 825 1338 LII

229 1371 400 1409 Cenabis
431 1371 542 1417 belle,
576 1370 651 1408 Iuli
682 1370 854 1418 Cerialis,
885 1372 992 1420 apud
1023 1385 1110 1419 me3

282 1435 457 1474 conditio
487 1443 544 1473 est
574 1435 711 1474 melior
740 1435 771 1473 si
801 1435 872 1474 tibi
901 1438 1017 1483 nulla,
1049 1437 1150 1475 veni.

229 1509 406 1539 octavam
437 1500 580 1550 poteris
610 1514 760 1538 servare
775 1515 784 1548 3
822 1501 1038 1539 lavabimur
1067 1516 1167 1540 una:

282 1565 357 1603 scis
387 1579 505 1615 quam
535 1565 611 1603 sint
641 1566 829 1615 Stephani
859 1566 999 1604 balnea
1028 1566 1161 1604 iuncta
1190 1566 1298 1603 mihi.

231 1630 353 1678 prima
383 1629 453 1667 tibi
483 1629 640 1668 dabitur
668 1629 791 1667 ventri
822 1631 974 1668 lactuca
1003 1632 1201 1669 movendo

284 1694 398 1741 utilis,
430 1702 467 1732 ct
497 1694 619 1743 porris
649 1696 713 1732 fila
742 1703 890 1733 resecta
918 1695 1007 1742 suis,

232 1773 321 1796 mox
351 1766 459 1796 vetus
489 1767 527 1796 et
556 1758 663 1796 tenui
694 1758 817 1796 maior
845 1760 1002 1808 cordyla
1032 1761 1186 1807 lacerto,

283 1824 351 1861 sed
381 1836 499 1872 quam
529 1836 619 1860 cum
648 1831 756 1860 rutae
784 1823 988 1862 frondibus
1017 1838 1091 1862 ova
1119 1832 1249 1874 tegant
1264 1840 1273 1871 3

229 1889 347 1925 altera
376 1900 456 1925 non
486 1888 627 1925 derunt
655 1886 763 1924 tenui
792 1895 941 1925 versata
969 1888 1107 1934 favilla,

283 1960 321 1989 et
350 1951 580 1989 Velabrensi
610 1964 737 1988 massa
765 1960 901 1989 coacta
928 1953 1028 1998 foco,
1518 1969 1559 1990 10

274 2054 390 2084 XLIX
417 2064 456 2084 10
479 2059 512 2084 et
530 2055 614 2084 dixit
630 2053 685 2083 ΒΑ
704 2059 776 2093 (pro
793 2054 934 2095 edixim)
952 2066 958 2085 :
983 2055 1104 2085 indixit
1123 2055 1172 2085 CA
1286 2066 1323 2085 12
1349 2056 1462 2094 Phylli
1479 2057 1554 2097 alt.]

232 2098 346 2137 phylle
363 2097 412 2128 CA
428 2102 467 2135 [et
484 2098 516 2126 in
534 2099 644 2128 Ιιίιιιιι.
660 2108 707 2128 AD
724 2099 880 2133 PYLLvm)
1002 2098 1028 2128 L
1045 2109 1110 2128 om.
1128 2098 1184 2127 BA
1199 2098 1304 2138 (Idem
1321 2100 1446 2129 lemma
1461 2103 1557 2138 atque

231 2141 376 2171 XLVIII
393 2141 544 2171 habuisse
555 2141 691 2179 videtur)
708 2153 714 2171 :
734 2141 966 2181 postXLVIII
981 2141 1158 2180 Ital.‚s0rt.
1173 2146 1248 2171 recle
1335 2152 1354 2180 3
1370 2143 1450 2181 jbrl.
1468 2143 1554 2172 illius

314 2185 452 2214 orbatae
465 2185 600 2214 Ribbeck
616 2183 729 2224 (Proll.
744 2185 788 2214 ad
801 2184 892 2224 [ἂνξ.
904 2189 937 2224 p.
955 2185 1028 2224 123)
1046 2196 1052 2215 z
1077 2196 1118 2215 en
1136 2190 1249 2215 tantae
1267 2185 1315 2214 vel
1328 2195 1348 2214 o
1365 2191 1477 2216 tantae
1491 2185 1556 2216 Gil-

231 2229 315 2257 ben':
336 2228 419 2266 fort.
437 2233 552 2266 optato
571 2228 730 2267 (adverb.)
749 2228 798 2258 vel
811 2238 831 2258 0
850 2228 959 2267 pietas
1074 2229 1205 2258 censuit
1224 2228 1361 2258 umbrae
1376 2227 1534 2258 Heinsius
1549 2241 1556 2259 ε

233 2270 328 2301 cenis
345 2275 381 2300 ut
398 2270 540 2300 cliabrac
560 2271 728 2310 rdiabrae)
746 2271 810 2301 cod.
917 2282 936 2309 4
962 2271 1050 2301 filius
1067 2278 1102 2301 ut
1118 2271 1251 2301 Ribbeck
1317 2272 1420 2301 satum
1444 2271 1560 2311 Young

234 2313 353 2353 rClass.
367 2313 445 2344 Rev.
461 2323 506 2348 Vl,
522 2314 601 2353 307)
672 2324 738 2344 non
757 2314 865 2344 minus
882 2314 900 2344 i.
919 2315 993 2344 tulit
1009 2314 1073 2344 cod.
1092 2326 1098 2344 :
1122 2325 1199 2346 corr.
1214 2314 1374 2344 Heinsius
1514 2315 1555 2344 LI

233 2368 251 2387 2
276 2357 338 2386 lam
357 2357 467 2387 saciae
486 2357 533 2387 CA
553 2362 588 2387 nt
603 2357 666 2387 vid.
688 2358 745 2388 (ila
762 2357 802 2396 E,
822 2357 885 2386 iam
902 2357 1013 2387 saciae
1030 2358 1111 2395 rell.)
1254 2367 1274 2396 5
1298 2363 1439 2396 auguste
1457 2357 1555 2397 (-tae)

235 2400 283 2430 CA
302 2402 385 2440 (non
402 2400 452 2438 A)
642 2399 704 2429 LII
729 2403 750 2431 6
774 2400 921 2440 resecta]
940 2405 1051 2431 secata
1070 2401 1097 2430 L
1115 2405 1190 2431 ante
1204 2411 1281 2431 corr.
1420 2410 1459 2430 10
1482 2400 1557 2430 uela

233 2443 380 2474 brendisi
398 2443 541 2474 massica
559 2448 653 2474 cocta
673 2443 722 2474 CA
