1684 2763
786 152 1043 189 EPIGRAM
1053 153 1253 190 MATON
1291 153 1389 189 12113.
1426 153 1485 189 ΙΙΙ

676 263 751 298 XX

157 331 240 378 hic,
276 334 403 378 Musa,
435 331 532 381 quid
562 338 649 381 agat
681 331 829 370 Canius
861 345 970 370 meus
1004 334 1154 370 Rufus:

154 405 336 435 utrumne
365 397 509 435 chartis
541 396 657 435 tradit
688 396 751 435 ille
781 396 938 434 victuris

154 464 321 512 legenda
351 470 575 512 temporum
605 469 693 500 acta
723 462 1067 501 Claudianorum?

153 542 202 566 an
233 542 334 577 quae
367 527 515 566 Neroni
546 529 664 566 falsus
694 527 859 565 adstruit
890 528 1064 578 scriptor,

153 607 202 631 an
233 595 452 631 aemulatur
481 593 635 642 inprobi
668 593 776 631 iocos
808 593 1008 631 Phaedri?
1471 611 1485 640 ,ε

155 658 320 697 lascivus
350 658 468 708 elegis
498 673 547 696 an
578 672 735 696 severus
766 658 927 697 herois?

155 739 203 762 an
236 725 273 761 in
305 724 506 762 cothurnis
537 724 719 762 horridus
749 724 1014 774 Sophocleis?

154 804 204 828 an
236 790 385 828 otiosus
416 790 453 827 in
485 791 621 827 schola
650 797 854 839 poetarum

158 857 290 905 lepore
321 855 464 893 tinctos
496 854 629 893 Attico
660 856 759 893 sales
790 857 950 892 narrat?

157 921 248 958 hinc
277 920 307 958 si
338 920 507 967 recessit,
540 919 734 969 porticum
766 919 852 958 terit
883 920 1017 969 templi
1453 936 1488 958 10

156 1000 205 1024 an
237 985 362 1035 spatia
392 986 513 1035 carpit
544 988 671 1024 lentus
702 988 1049 1035 Argonautarum?

157 1066 206 1089 an
237 1051 427 1089 delicatae
459 1052 540 1089 sole
571 1064 701 1089 rursus
732 1052 916 1101 Europae

160 1117 258 1155 inter
288 1124 467 1166 tepentes
499 1124 586 1166 post
618 1115 782 1155 meridie
811 1117 937 1155 buxos

158 1184 268 1220 sedet
297 1182 523 1220 ambulatve
553 1181 650 1220 liber
678 1181 833 1220 acribus
863 1181 997 1220 curis?

158 1247 291 1285 Titine
321 1247 480 1285 thermis
510 1261 558 1285 an
590 1248 738 1284 lavatur
767 1247 964 1297 Agrippae
1456 1262 1489 1293 15

159 1326 207 1351 an
239 1311 414 1363 inpudici
445 1312 588 1351 balneo
617 1312 820 1362 Tigillini?

159 1392 208 1416 an
240 1392 326 1417 rure
355 1378 460 1416 Tulli
491 1378 628 1416 fruitur
656 1386 774 1427 atque
806 1378 990 1416 Lucani?

160 1457 209 1482 an
243 1443 430 1481 Pollionis
460 1445 576 1482 dulce
606 1443 723 1481 currit
753 1445 802 1481 ad
834 1446 1049 1493 quartum?

160 1523 210 1547 an
240 1508 454 1547 aestuantis
485 1508 560 1546 iam
593 1510 789 1558 profectus
819 1510 869 1546 ad
903 1508 1016 1546 Baias

163 1574 269 1624 piger
300 1573 471 1612 Lucrino
502 1575 733 1612 nauculatur
763 1574 801 1611 in
833 1576 1000 1623 stagno?
1456 1588 1493 1609 20

165 1639 256 1677 ‘Vis
287 1639 384 1677 scire
414 1639 509 1688 quid
539 1647 627 1690 agat
658 1638 806 1678 Canius
837 1640 959 1677 tuus?
1008 1638 1152 1676 Ridet)

170 1798 428 1847 Proscriptum
462 1798 630 1835 famulus
661 1797 825 1836 servavit
856 1799 983 1836 fronte
1013 1804 1181 1835 notatus.

219 1864 310 1901 Non
341 1863 411 1901 fuit
442 1865 539 1901 haec
569 1863 721 1901 domini
752 1863 839 1909 vita,
873 1864 942 1901 sed
973 1862 1130 1900 invidia.

659 1951 780 1988 XXII

171 2022 354 2067 l,)ede1·as‚
387 2020 514 2070 Apici,
548 2020 606 2059 bis
637 2020 844 2059 trecenties
874 2020 1009 2067 ventri,

166 2094 202 2124 et
231 2087 363 2124 adhuc
393 2093 592 2136 supererat
623 2085 770 2124 centies
801 2086 871 2123 tibi
903 2087 1044 2123 laxum.

211 2190 277 2220 XX
301 2200 320 2229 5
345 2191 437 2221 iocos
454 2190 527 2221 Ilal.
547 2202 552 2220 :
579 2190 671 2220 locos
691 2191 779 2225 (—cus
797 2189 864 2224 BAJ
886 2190 974 2221 codd.
1001 2191 1023 2227 tl
1041 2195 1100 2230 pro
1115 2191 1126 2228 j
1270 2191 1291 2219 6
1316 2191 1427 2220 liereis
1449 2190 1495 2219 CA

169 2244 185 2271 7
212 2234 261 2275 in]
282 2234 288 2263 i
309 2234 357 2264 CA
453 2234 624 2274 sopheleis
640 2234 695 2264 ΒΑ
788 2244 809 2272 9
834 2234 960 2264 tinctus
975 2235 1096 2265 atticos
1112 2234 1166 2263 BA
1267 2244 1305 2263 10
1330 2234 1426 2264 ressit
1445 2233 1497 2262 ΒᾹ

168 2277 230 2307 teri
252 2277 305 2306 BA
326 2281 401 2317 (seq.
425 2278 449 2307 tl
589 2287 625 2307 12
651 2278 744 2308 rusus
765 2277 819 2306 BA
840 2278 872 2317 (j.
893 2288 915 2308 e.
938 2277 1047 2308 Rufus
1059 2280 1082 2308 ”n
1101 2288 1108 2307 ε
1133 2288 1249 2308 rursus
1268 2277 1316 2308 CA
1460 2287 1496 2314 14

168 2320 358 2351 ambulatue
375 2321 428 2350 BA
444 2333 450 2351 :
474 2320 691 2360 ambulatque
706 2322 751 2351 CA
872 2330 908 2360 15
928 2321 1047 2352 Petine
1067 2321 1113 2352 CA
1229 2322 1266 2350 16
1284 2319 1496 2359 inpudicibus

170 2365 202 2393 in
220 2374 262 2394 eo
280 2364 327 2394 CA
346 2364 443 2404 (ipro
459 2365 482 2403 l)
623 2375 659 2403 17
679 2375 754 2394 rura
768 2364 815 2395 CA
1106 2365 1189 2394 XXI
1216 2364 1288 2394 lmb.
1310 2364 1343 2393 R
1481 2373 1491 2392 1

171 2408 376 2446 proscriptus
395 2408 442 2438 CA
531 2413 646 2438 notata
662 2409 719 2438 ΑΑ
735 2420 741 2438 :
766 2413 901 2438 notatus
917 2408 1021 2438 BACA
1263 2407 1366 2437 XXII
1393 2417 1411 2436 2
1436 2407 1495 2436 sed

172 2452 257 2491 (set)
269 2450 341 2481 BA:
364 2454 397 2481 et
410 2451 456 2481 CA
540 2457 677 2491 superat
695 2451 750 2481 BA
831 2452 943 2482 luxum
958 2452 1004 2482 CA
1018 2450 1088 2490 &scd
1101 2451 1213 2481 laxum
1229 2451 1298 2489 A):
1324 2451 1402 2479 luxu
1422 2449 1494 2480 Ital.
