1684 2763
236 152 291 188 M.
324 150 446 187 VAL.
479 147 792 186 MARTIALIS

235 275 326 312 ergo
354 261 506 311 agimus
535 259 626 298 laeti
656 267 766 298 tanto
796 272 868 309 pro
897 271 1059 296 munere
1088 264 1239 307 grates:

290 326 427 364 misisti
458 339 587 364 mores
617 325 656 362 in
686 326 773 363 loca
803 332 936 362 nostra
965 331 1067 362 tuos.

778 425 814 460 X

240 502 374 540 Habet
405 501 611 539 Africanus
641 499 805 546 miliens,
838 507 970 537 tamen
1000 506 1141 549 captat.

239 569 411 605 Fortuna
440 565 572 603 multis
602 566 668 603 dat
698 564 826 611 nimis,
858 564 950 602 satis
980 563 1086 601 nulli.

763 653 822 689 XI

242 729 449 768 Parthenio
479 729 554 775 die,
588 730 720 775 Musa,
749 735 818 766 tuo
847 735 1061 777 nostroque
1091 727 1283 765 salutem:

293 808 383 832 nam
414 794 501 843 quis
530 794 579 832 ab
610 793 742 831 Aonio
772 793 912 843 largius
942 805 1059 830 amne
1089 791 1218 830 bibit?

238 859 348 898 cuius
380 859 559 909 Pimpleo
588 860 668 908 lyra
696 858 834 897 clarior
863 857 939 896 exit
967 858 1018 896 ab
1047 858 1188 895 antro?

292 938 411 974 quem
441 926 528 974 plus
563 923 687 962 Pierio
717 925 767 962 de
796 937 910 974 grege
942 923 1127 961 Phoebus
1156 922 1290 959 amat?

239 997 276 1028 et
306 989 336 1027 si
366 990 592 1027 forte—sed
622 990 697 1026 hoc
727 988 788 1026 vix
817 996 875 1026 est
904 985 1279 1038 sperare—vacabit,
1552 1000 1568 1030 5

293 1055 419 1092 tradat
449 1061 491 1091 ut
520 1053 603 1103 ipse
633 1051 724 1091 duci
754 1052 927 1090 carmina
956 1059 1088 1090 nostra
1117 1064 1218 1100 roga,

240 1126 424 1169 quattuor
453 1127 491 1157 et
522 1126 672 1156 tantum
704 1117 966 1167 timidumque
996 1117 1235 1165 brevemque
1264 1114 1440 1152 libellum

294 1185 549 1222 commendet
577 1182 705 1221 verbis
736 1186 744 1202 ‘
763 1184 885 1220 Hune
915 1190 982 1220 tua
1013 1183 1142 1219 Roma
1171 1179 1286 1229 legit!

756 1279 839 1315 XII

242 1355 388 1395 Omnia
417 1354 611 1404 promittis
641 1367 731 1392 cum
761 1362 843 1392 tota
872 1361 988 1392 noete
1023 1352 1181 1400 bibisti3

298 1434 412 1459 mane
442 1419 537 1457 nihil
568 1427 751 1469 praestas.
814 1419 950 1466 Pollio,
982 1431 1097 1456 mane
1127 1417 1228 1456 bibe.

744 1512 851 1549 XIII

244 1592 391 1636 Genus,
423 1591 562 1636 Λυρῒρ,
593 1587 688 1626 lucri
718 1588 857 1626 divites
887 1588 1034 1626 habent
1062 1587 1182 1625 iram:

244 1654 374 1692 odisse
404 1668 522 1704 quarn
553 1655 701 1693 donare
730 1653 843 1692 vilius
872 1660 1036 1692 constat.

749 1748 849 1785 XIV

248 1824 404 1863 Parcius
434 1823 551 1861 utaris
582 1836 726 1862 moneo
756 1823 930 1873 rapiente
959 1824 1114 1869 veredo,

300 1889 441 1935 Prisce,
474 1902 546 1926 nec
576 1888 615 1925 in
646 1890 798 1937 lepores
828 1896 907 1925 tarn
937 1887 1131 1925 violentus
1161 1899 1235 1924 eaS.

246 1967 362 2004 saepe
392 1953 577 1991 satisfecit
607 1953 775 2002 praedae
803 1960 964 1991 venator
994 1960 1031 1990 et
1059 1951 1138 1989 acri

299 2019 446 2058 decidit
476 2031 660 2056 excussus
691 2031 763 2056 nec
793 2017 986 2055 rediturus
1015 2030 1129 2066 equo.

248 2084 407 2123 insidias
437 2091 474 2122 et
504 2097 666 2133 campus
696 2083 837 2121 habet:
878 2096 950 2121 nec
979 2083 1083 2121 fossa
1112 2094 1186 2120 nec
1213 2094 1328 2131 agger
1556 2096 1574 2127 5

302 2162 374 2187 nec
404 2148 479 2185 sint
510 2162 599 2186 saxa
629 2147 729 2194 lieet,
761 2149 891 2185 fallere
920 2149 1036 2197 plana
1066 2148 1202 2184 solent.

295 2240 343 2271 IX
367 2251 386 2280 3
410 2240 491 2270 tanti
513 2239 614 2280 (XV)
632 2239 681 2270 vel
695 2244 789 2270 tanto
806 2238 925 2279 (ΕΚΖΛ
1223 2236 1255 2266 X
1279 2245 1298 2265 2
1324 2234 1405 2266 nulli
1422 2234 1504 2265 satis
1521 2233 1574 2263 ΒΛ

292 2285 340 2314 ΧΙ
366 2295 432 2314 om.
455 2284 503 2314 CA
665 2292 683 2322 5
709 2283 841 2313 uocabit
859 2281 924 2313 cod.
939 2282 1012 2323 (ue.
1029 2279 1117 2321 vac·)
1253 2281 1272 2310 8
1297 2279 1495 2310 commenda
1511 2276 1575 2316 ΡΩ

250 2328 316 2358 XII
341 2327 413 2358 hab.
440 2327 499 2357 TR
609 2337 627 2357 2
652 2326 756 2366 pollio
774 2326 896 2366 (polio)
913 2324 1029 2356 AABA
1044 2335 1051 2355 ε
1084 2328 1238 2364 postume
1258 2323 1307 2353 CA
1324 2321 1396 2363 <ssd
1409 2322 1441 2351 in
1458 2321 1569 2351 lemm.

249 2382 296 2402 Ar)
314 2372 468 2407 POLLAM)
659 2370 740 2400 XlV
763 2369 838 2400 lmb.
855 2369 900 2408 T;
917 2380 966 2400 vv.
979 2377 1064 2408 5—12
1077 2366 1196 2398 l1ab.R
1284 2375 1303 2405 3
1327 2364 1398 2405 agri
1411 2364 1465 2394 BA
1553 2373 1572 2402 5

249 2425 330 2455 agel·
346 2414 453 2446 ΒΑΕΔ
