1684 2763
815 158 944 195 EI'IG
955 158 1072 194 ΚΛΜ
1082 159 1281 196 ΜΛΤΟΝ
1314 160 1365 196 LI
1375 160 1416 196 B.
1449 160 1482 195 V

670 268 752 304 XII

264 350 384 397 Quod
416 347 593 386 nutantia
622 349 748 386 fronte
778 348 964 398 perticata

262 421 386 462 gestat
416 415 592 463 pondera
623 414 817 452 Masclion
849 414 1052 464 superbus,

262 486 328 516 aut
357 478 514 528 grandis
545 478 673 516 Ninus
703 478 889 517 omnibus
919 478 1071 517 lacertis

263 551 413 593 septem
444 545 553 594 quod
584 557 726 593 pueros
755 545 856 582 levat
886 545 946 582 vel
977 552 1079 590 octo,

263 621 321 646 res
352 622 431 646 non
462 608 630 647 difficilis
661 608 756 646 mihi
786 608 950 655 videtur,
1470 627 1487 658 5

264 687 343 712 uno
373 688 463 712 cum
493 674 616 724 digito
646 676 706 712 vel
736 675 813 712 hoc
842 676 903 712 vel
934 673 1000 712 illo

264 746 389 788 portet
420 741 539 778 Stella
569 753 679 778 meus
709 740 848 777 decem
880 740 1040 789 puellas.

658 834 764 870 XIII

156 917 262 960 Sum,
294 915 426 961 fateor,
458 927 691 964 semperque
721 913 786 961 fui,
819 913 1051 960 Callistrate‚
1083 926 1229 962 pauper

209 980 277 1017 sed
307 991 387 1016 non
417 979 607 1017 obscurus
637 992 710 1016 nec
740 980 841 1016 male
871 986 987 1016 notus
1017 991 1149 1027 eques,

155 1045 224 1082 sed
254 1051 338 1082 toto
368 1045 474 1093 legor
503 1044 597 1082 orbe
627 1045 810 1093 frequens
840 1051 878 1081 et
907 1043 1049 1081 dicitur
1081 1043 1185 1080 ‘Hic
1215 1044 1297 1089 est‚'

209 1110 397 1158 quodque
427 1108 524 1147 cinis
554 1108 689 1159 paucis
719 1110 796 1147 hoc
826 1108 922 1146 mihi
952 1108 1030 1146 vita
1059 1108 1180 1146 dedit.

154 1182 191 1211 at
222 1182 288 1211 tua
318 1173 493 1212 centenis
524 1174 760 1212 incumbunt
789 1181 893 1212 tecta
921 1174 1118 1212 columnis
1469 1187 1485 1218 5

209 1247 245 1277 et
275 1238 475 1277 libertinas
504 1252 593 1277 arca
622 1240 791 1289 flagellat
821 1252 928 1288 opes,

156 1317 376 1354 magnaque
408 1304 583 1343 Niliacae
613 1304 729 1343 servit
759 1304 829 1342 tibi
858 1305 973 1355 gleba
1003 1305 1150 1353 Syenes

208 1370 347 1407 tondet
376 1376 414 1407 et
443 1369 670 1408 innumeros
702 1369 853 1408 Gallica
884 1371 1024 1407 Parma
1052 1381 1196 1419 greges.

158 1436 232 1472 hoc
262 1447 335 1484 ego
365 1442 486 1484 tuque
516 1448 676 1473 sumus:
716 1436 786 1473 sed
815 1436 923 1484 quod
955 1448 1040 1472 sum
1072 1446 1151 1471 non
1182 1440 1295 1483 potes
1325 1445 1437 1470 esse:

209 1508 249 1537 tu
279 1501 387 1548 quod
418 1512 458 1537 es
489 1513 509 1537 e
539 1501 688 1549 populo
717 1499 883 1549 quilibet
912 1512 997 1537 esse
1027 1506 1166 1548 potest.
1449 1511 1488 1533 10

664 1594 764 1630 XIV

156 1670 299 1707 Sedere
329 1668 455 1718 primo
485 1668 622 1707 solitus
652 1668 691 1706 in
721 1669 843 1718 gradu
874 1681 1028 1718 semper

156 1743 259 1781 tunc,
291 1748 380 1772 cum
412 1734 544 1772 liceret
573 1747 778 1784 occupare,
811 1732 1016 1771 Nanneius

158 1799 214 1837 bis
244 1799 432 1837 excitatus
462 1807 598 1849 terque
628 1798 823 1837 transtulit
852 1806 988 1845 castra,

156 1872 192 1902 et
222 1864 322 1902 inter
351 1864 454 1914 ipsas
484 1877 611 1914 paene
641 1864 776 1902 tertius
807 1865 920 1902 sellas

157 1936 243 1978 post
274 1929 499 1979 Gaiumque
530 1929 778 1979 Luciumque
808 1927 1000 1967 consedit.
1471 1941 1488 1973 5

156 1994 260 2032 illinc
290 1995 446 2033 cucullo
475 1994 663 2044 prospicit
692 2002 810 2044 caput
840 2001 965 2032 tectus

156 2061 351 2109 oculoque
381 2061 496 2098 ludos
526 2068 676 2110 spectat
707 2060 895 2098 indecens
925 2072 1016 2097 uno.

155 2132 193 2163 et
223 2124 313 2162 hinc
344 2124 459 2163 miser
488 2125 664 2163 deiectus
694 2125 733 2162 in
763 2124 864 2162 viam
896 2123 1043 2169 transit,

157 2189 423 2240 subsellioque
453 2189 671 2228 semifultus
702 2197 876 2228 extremo

200 2292 265 2322 XII
294 2303 305 2322 1
334 2294 498 2332 perticata
515 2293 591 2323 BA:
615 2293 783 2332 pertinaci
802 2292 849 2323 CA
933 2302 952 2321 2
978 2290 1164 2322 Maschlion
1182 2289 1257 2320 Ital.
1281 2291 1315 2325 (a
1333 2286 1488 2326 μασχάλη

161 2335 289 2375 Gilbm)
358 2346 377 2374 3
403 2337 492 2367 linus
511 2337 563 2366 ΒΑ
580 2348 586 2367 :
611 2337 711 2366 ninus
731 2337 777 2366 CA
945 2335 1029 2365 XIII
1056 2335 1129 2364 lmb.
1154 2334 1200 2371 T3
1226 2343 1276 2364 vv.
1293 2342 1351 2370 1-4
1369 2331 1441 2360 hab.
1456 2329 1489 2358 R

158 2380 177 2408 8
202 2378 317 2409 callica
333 2379 381 2409 CA
549 2380 631 2410 XIV
655 2390 674 2409 2
700 2380 783 2409 Cum
801 2379 856 2410 BA
877 2380 950 2419 (pro
967 2379 1052 2408 Tum
1071 2387 1144 2408 cum
1160 2377 1184 2417 ἲ)
1203 2388 1209 2407 :
1233 2376 1329 2406 Tunc
1347 2384 1420 2404 cum
1440 2372 1486 2403 CA

158 2431 177 2460 3
203 2423 339 2463 terque]
357 2428 477 2461 terque
494 2428 681 2462 quaterque
698 2423 752 2453 ΒΑ
842 2424 862 2452 8
887 2423 942 2452 uia
960 2421 1009 2453 CA

1362 2470 1402 2501 9*
