1684 2763
799 131 1267 171 EPIGRAMMATON
1300 133 1351 170 LI
1361 133 1402 170 B.
1435 134 1491 170 VI

266 240 450 291 praeconi
479 240 589 279 dedit
620 242 773 290 Eulogo
803 242 985 291 puellam.
1475 261 1491 290 5

268 306 353 353 Dic,
387 306 581 356 numquid
611 307 727 353 fatue,
758 308 910 352 Severe,
943 307 1062 344 fecit?

689 412 747 449 IX

160 481 206 519 In
239 481 481 531 Pompeiano
511 481 670 528 dormis,
703 481 885 527 Laevine,
919 482 1097 519 theatro:

210 553 248 585 et
278 546 450 596 quereris
480 546 511 584 si
542 554 579 585 te
609 546 771 584 suscitat
802 547 1019 585 Oceanus?

695 652 731 688 X

158 722 290 759 Pauca
321 722 456 759 Iovem
488 734 613 770 nuper
642 734 732 759 cum
764 720 870 759 milia
899 722 998 760 forte
1032 735 1220 772 rogarem,

214 787 310 824 ‘Ille
341 786 474 824 dabit'
504 786 600 824 dixit
633 786 723 836 ‘qui
755 786 850 824 mihi
880 788 1026 836 templa
1057 787 1196 825 dedit)

156 852 324 901 Templa
354 851 516 901 quidem
546 852 656 890 dedit
687 851 750 890 ille
782 851 867 890 Iovi
897 853 966 890 sed
998 852 1103 890 rnilia
1133 852 1248 891 nobis

210 919 317 955 nulla
346 918 479 956 dedit:
519 919 654 967 pudet,
685 919 745 964 ab,
780 931 906 967 pauca
936 931 1092 967 rogasse
1124 920 1272 956 Iovem.

154 989 193 1020 at
223 995 341 1032 quarn
372 996 452 1021 non
483 982 653 1029 tetricus,
685 996 804 1032 quam
834 984 941 1020 nulla
970 982 1128 1021 nubilus
1158 983 1223 1029 ira,
1473 1000 1488 1030 5

209 1061 328 1097 quarn
357 1047 515 1097 placido
544 1055 695 1085 nostras
725 1048 869 1097 legerat
899 1061 965 1085 ore
994 1051 1154 1097 preces!

156 1111 241 1150 talis
271 1112 514 1162 supplicibus
545 1111 679 1151 tribuit
709 1112 935 1150 diademata
966 1112 1086 1150 Dacis

208 1184 247 1215 et
278 1177 520 1227 Capitolinas
550 1177 659 1227 itque
688 1177 867 1227 reditque
896 1177 988 1215 vias.

157 1241 233 1280 Dic
262 1256 410 1292 precor,
443 1256 467 1281 o
497 1242 619 1281 nostri
649 1242 712 1281 dic
742 1242 902 1281 conscia
931 1242 1038 1292 virgo
1068 1243 1273 1289 Tonantis,

208 1306 239 1345 si
269 1315 384 1357 negat
413 1309 490 1346 hoc
518 1309 639 1355 vultu,
672 1321 752 1358 quo
781 1309 881 1346 solet
910 1321 1001 1358 ergo
1031 1309 1152 1346 dare?
1452 1324 1491 1346 10

155 1371 210 1411 sic
240 1386 336 1422 ego:
376 1373 430 1411 sic
461 1373 628 1411 breviter
657 1373 784 1423 posita
814 1373 910 1411 mihi
942 1375 1127 1423 Gorgone
1159 1375 1309 1411 Pallas:

212 1438 348 1486 ‘Quae
378 1439 557 1477 nondum
588 1439 680 1476 data
709 1446 810 1485 sunt,
844 1440 972 1486 stulte,
1005 1446 1145 1488 negata
1175 1440 1340 1489 putas?'

684 1545 742 1581 XI

155 1614 276 1662 Quod
307 1627 387 1652 non
417 1613 466 1652 sit
496 1615 662 1663 Pylades
693 1615 769 1652 hoc
799 1621 986 1664 tempore,
1018 1627 1098 1652 non
1129 1614 1177 1652 sit
1207 1615 1367 1653 Orestes

209 1678 389 1716 miraris?
446 1680 624 1728 Pylades,
657 1681 802 1726 Marce,
835 1679 997 1718 bibebat
1027 1679 1144 1726 idem,

155 1758 228 1782 nec
258 1744 395 1782 melior
424 1744 533 1794 panis
564 1746 749 1783 turdusve
779 1745 947 1783 dabatur
976 1745 1152 1791 Orestae,

208 1811 278 1848 sed
308 1823 376 1859 par
404 1818 523 1859 atque
552 1811 691 1848 eadem
722 1824 820 1848 cena
849 1811 1006 1848 duobus
1036 1818 1127 1848 erat.

154 1876 217 1913 Tu
249 1875 419 1913 Lucrina
446 1889 569 1922 voras,
602 1889 665 1913 rne
695 1875 818 1925 pascit
847 1889 997 1925 aquosa
1026 1875 1195 1926 peloris:
1471 1892 1487 1922 5

209 1953 289 1978 non
320 1940 449 1978 minus
480 1940 650 1990 ingenua
678 1949 736 1979 est
766 1948 804 1979 et
833 1940 941 1988 mihi,
975 1943 1121 1988 Marce,
1153 1942 1252 1991 gula.

1468 1581 1488 1588 f

1405 1596 1408 1599 .
1428 1587 1466 1599 s

184 2044 281 2107 AVIII
307 2045 327 2074 6
352 2044 413 2075 Dic
431 2045 612 2086 numquid]
634 2045 746 2084 Digno
764 2046 887 2085 nequid
905 2045 958 2075 BA
974 2057 979 2077 :
1008 2045 1153 2085 Dignum
1171 2045 1250 2085 quid
1265 2045 1313 2076 CA
1381 2045 1490 2076 fatues

156 2087 184 2118 C
199 2088 382 2162 {5521}th
444 2142 464 2162 2
488 2143 573 2172 quae
593 2132 623 2163 T
705 2142 725 2171 3
749 2132 805 2163 ille
822 2133 915 2163 dedit
932 2132 978 2162 CA
996 2137 1032 2163 ut
1048 2132 1110 2164 vid.
1165 2144 1203 2164 se
1226 2133 1255 2164 T
1341 2144 1359 2171 4
1386 2133 1490 2172 pudet

155 2219 174 2238 a
191 2208 247 2237 ΑΑ
265 2220 271 2238 :
300 2210 402 2248 pudet
418 2209 473 2238 BA
493 2209 564 2248 (sed
578 2184 682 2249 pudgt
704 2209 749 2248 L)
770 2210 817 2240 CA
945 2221 964 2250 5
989 2217 1022 2241 at
1040 2210 1157 2250 quarn]
1175 2216 1275 2250 atque
1289 2209 1336 2240 CA
1472 2220 1488 2248 7

156 2252 239 2281 dicis
256 2252 304 2281 CA
429 2264 450 2292 9
475 2258 590 2284 nostro
613 2254 647 2293 T,
669 2254 755 2284 unde
778 2255 1086 2286 nostro—Tonanti
1112 2254 1205 2294 Rooy
1333 2263 1369 2282 12
1395 2254 1487 2292 data]

158 2300 269 2326 taxata
292 2295 338 2325 CA
355 2297 472 2335 (praec.
491 2298 586 2336 dum)

202 2338 250 2368 XI
275 2338 348 2369 lzab.
372 2339 401 2368 T
508 2350 527 2379 3
552 2342 710 2371 turdusve
728 2342 885 2383 dabatur]
905 2343 1023 2372 turdus
1038 2342 1217 2372 videbatur
1235 2340 1293 2370 ΑΑ
1313 2341 1401 2381 (cum
1419 2338 1466 2377 X,
1485 2351 1490 2367 2

157 2382 274 2412 turdus
291 2383 474 2414 vedebatur
491 2388 528 2414 ut
543 2385 606 2415 vid.
628 2384 675 2415 CA
698 2392 776 2416 [non
793 2385 844 2425 A)
