1684 2763
732 153 990 190 EPIGRAM
999 153 1201 192 MATON
1234 155 1286 191 LI
1296 155 1336 190 Β.
1371 155 1425 190 xl

208 265 283 302 sint
314 266 416 302 leves
446 263 553 314 pueri
584 263 752 301 subinde
782 264 945 313 quaeris.

210 329 350 367 Dicam
380 328 606 379 simpliciter
635 328 704 366 tibi
734 329 909 378 roganti:

207 394 401 444 pedicam,
436 394 673 440 I’hilomuse,
711 394 897 432 curiosos.

583 494 719 531 LXIV

101 574 246 613 Nescio
276 582 354 613 tam
386 575 517 613 multis
547 575 642 625 quid
672 576 832 623 scribas,
863 577 1015 621 Fauste‚
1048 575 1213 625 puellis:

153 638 230 675 hoc
260 637 352 684 scio,
385 639 493 687 quod
523 637 656 676 scribit
687 640 792 676 nulla
822 640 951 688 puella
981 637 1062 675 tibi.

602 744 712 780 LXV

100 823 275 861 Sescenti
306 832 448 861 cenant
477 837 500 862 a
529 832 576 870 te,
611 824 772 871 Iustine‚
805 823 933 861 vocati

151 887 247 925 lucis
277 889 327 926 ad
357 888 528 927 officium
559 902 660 938 quae
689 888 759 926 tibi
788 888 913 938 prima
942 887 1022 925 fuit.

100 953 197 992 inter
227 967 336 1003 quos,
369 954 541 1000 memini,
573 968 655 993 non
684 954 843 992 ultimus
874 968 958 992 esse
987 953 1188 1000 solebam3

152 1032 226 1056 nec
254 1020 364 1057 locus
393 1019 457 1057 hic
486 1019 601 1058 nobis
631 1019 847 1058 invidiosus
877 1027 968 1057 erat.

100 1091 255 1131 postera
283 1085 354 1122 sed
384 1085 505 1122 festae
534 1084 665 1122 reddis
696 1084 902 1122 sollemnia
931 1097 1116 1122 mensae:

153 1149 338 1187 sescentis
369 1149 501 1197 hodie,
530 1163 613 1188 cras
643 1149 739 1187 mihi
769 1157 882 1187 natus
913 1149 997 1187 eris.

587 1250 720 1286 LXVI

208 1336 259 1372 Et
288 1336 438 1373 delator
467 1349 507 1374 es
538 1343 575 1374 et
606 1336 874 1383 calumniator,

206 1407 244 1438 et
272 1401 471 1438 fraudator
498 1414 539 1439 es
569 1408 607 1439 et
636 1401 864 1451 negotiator,

207 1471 244 1502 et
274 1466 426 1503 fellator
454 1479 495 1503 es
525 1473 563 1504 et
593 1465 743 1503 lanista.
804 1465 927 1503 Miror

208 1542 327 1579 quare
356 1544 437 1568 non
467 1532 624 1578 habeas,
656 1533 839 1578 Vacerra,
867 1543 1064 1568 nummos.

584 1637 741 1673 LXVII

102 1715 167 1753 Nil
198 1715 293 1753 mihi
323 1717 393 1754 das
422 1716 559 1764 vivusj
597 1717 694 1755 dicis
723 1723 813 1767 post
842 1718 920 1754 fata
949 1717 1143 1754 daturum.

154 1780 193 1818 Si
223 1795 303 1820 non
334 1795 375 1820 es
405 1783 560 1830 stultus,
589 1782 678 1830 scis,
709 1784 838 1829 Maro,
867 1781 964 1831 quid
993 1781 1162 1830 cupiam.

567 1888 748 1924 LXVIII

103 1969 224 2005 Parva
251 1981 363 2018 rogas
394 1981 580 2017 magnos3
619 1969 688 2006 sed
717 1982 798 2006 non
828 1969 924 2006 dant
953 1969 1050 2006 haec
1080 1980 1240 2017 quoque
1270 1967 1410 2016 magni.

154 2033 207 2070 Vt
236 2034 383 2082 pudeat
412 2033 534 2071 levius
564 2041 612 2079 te,
646 2034 799 2079 Matho,
831 2046 973 2082 magna
1003 2045 1104 2081 roga.

144 2134 256 2166 LXIV
271 2136 345 2167 hab.
372 2136 402 2166 T
488 2146 502 2166 1
530 2146 604 2166 cum
622 2135 683 2164 ΑΑ
701 2136 780 2175 (pro
796 2135 893 2170 curI)
913 2147 920 2165 t
944 2135 1024 2174 quid
1038 2134 1149 2165 ΒΑΕΔ·

146 2179 240 2209 LXV
262 2180 333 2211 lzab.
359 2179 390 2209 T
523 2189 537 2209 1
564 2180 604 2209 ad
624 2184 657 2208 te
673 2179 757 2209 AA:
781 2190 799 2208 a
817 2184 848 2209 te
867 2178 976 2209 BACA
1111 2189 1130 2217 4
1154 2178 1233 2208 hinc
1255 2177 1285 2208 T
1298 2178 1428 2219 (etsort.

100 2220 176 2261 ΑΛ)
193 2233 200 2251 2
225 2223 279 2253 hic
295 2221 404 2253 BACA
549 2233 568 2262 5
594 2221 720 2262 reddis]
737 2223 799 2253 sed
816 2223 868 2252 his
891 2222 920 2252 T
1005 2231 1144 2252 mensae
1159 2220 1278 2252 AABA
1296 2233 1303 2252 :
1327 2231 1431 2251 cenae

103 2266 205 2301 [cae-3
222 2265 272 2296 CA

146 2308 255 2338 LXVI
280 2309 352 2339 lzab.
372 2308 402 2339 T
485 2319 505 2347 3
529 2308 661 2339 {allator
682 2308 761 2339 TCA

150 2353 279 2382 LXVII
304 2352 378 2383 hab.
405 2351 436 2382 T
519 2362 538 2381 2
562 2363 654 2382 mare
674 2352 724 2382 CA
739 2351 814 2393 <sed
826 2352 860 2382 in
879 2352 992 2383 lemm.
1008 2361 1055 2382 AD
1074 2351 1262 2389 MAROlem)

148 2395 293 2426 LXVIII
318 2395 392 2426 hab.
419 2395 448 2425 T
532 2406 552 2425 2
576 2396 662 2426 leuis
684 2395 715 2426 T
