1684 2763
753 132 1009 168 EPIGRAM
1018 131 1220 169 MATON
1253 131 1355 167 LIB.
1388 131 1493 167 XIII

591 243 708 280 VIII.
742 243 833 279 Far.

167 326 295 363 Inbue
325 325 498 375 plebeias
529 324 702 363 Clusinis
732 324 906 373 pultibus
937 325 1045 369 ollas,

220 398 261 428 ut
291 398 395 428 satur
424 390 462 427 in
493 390 625 428 vacuis
655 389 787 427 dulcia
818 397 945 427 musta
976 389 1098 426 bibas.

615 480 684 516 IX.
716 479 827 515 Lens.

165 555 313 604 Accipe
344 555 549 601 Niliacam,
583 555 738 593 Pelusia
767 567 940 601 munera,
971 555 1143 591 lentem:

219 620 329 657 vilior
358 628 415 659 est
444 620 553 668 alica,
585 620 709 658 carior
738 619 801 657 illa
831 620 930 657 faba.

609 710 656 745 X.
689 709 853 746 Sl'mztla.

166 785 251 822 Nec
281 785 394 822 dotes
424 784 587 823 simulae
617 784 742 834 possis
772 798 977 823 numerare
1007 797 1080 822 nec
1110 797 1233 831 ussus,

219 849 353 899 pistori
383 849 527 888 totiens
557 864 647 887 cum
679 850 726 888 sit
756 858 793 888 et
822 858 914 900 apta
942 863 1051 888 coco.

566 939 636 974 XI.
669 939 880 975 Hordeum.

167 1014 295 1051 Mulio
325 1015 433 1063 quod
463 1028 542 1051 non
574 1015 640 1051 (let
671 1014 854 1061 tacituris,
885 1013 1032 1063 accipe,
1066 1014 1190 1051 mulis.

218 1081 316 1117 haec
346 1092 418 1129 ego
448 1079 604 1128 coponi,
636 1093 715 1117 non
747 1079 827 1126 tibi,
860 1081 967 1117 dona
996 1079 1099 1117 dedi.

523 1168 618 1204 XII.
651 1168 916 1204 Frumensmn.

165 1246 404 1282 Tercentum
437 1243 573 1292 Libyci
604 1243 759 1281 modios
789 1244 839 1281 de
869 1256 996 1281 messe
1026 1243 1157 1282 coloni

219 1322 341 1356 sume,
373 1309 622 1347 suburbanus
652 1322 702 1346 ne
733 1308 918 1347 moriatur
947 1322 1046 1358 ager.

580 1398 700 1434 XIII.
732 1398 862 1434 Besae.

167 1477 219 1512 Vt
249 1474 401 1523 sapiant
431 1475 573 1517 fatuae,
604 1474 801 1511 fabrorum
832 1472 1006 1521 prandia,
1039 1473 1165 1518 betae,

220 1552 243 1577 o
273 1552 391 1588 quam
423 1552 539 1588 saepe
568 1546 675 1588 petet
703 1538 793 1575 Vina
821 1537 1010 1587 piperque
1040 1540 1183 1575 cocus!

562 1627 672 1663 XIV.
706 1627 902 1663 Lactucae.

167 1704 337 1741 Cludere
367 1715 469 1751 quae
498 1715 615 1739 cenas
644 1703 797 1739 lactuca
826 1701 977 1739 solebat
1006 1714 1180 1746 avorum,

220 1767 285 1805 dic
314 1766 422 1814 mihi,
454 1780 522 1805 cur
551 1775 703 1804 nostras
732 1767 893 1804 inchoat
927 1766 991 1804 illa
1021 1767 1175 1816 dapes?

211 1865 294 1895 VIII
319 1865 392 1896 lpas).
418 1865 478 1896 TR
721 1865 771 1895 IX
794 1865 867 1895 hab.
891 1865 921 1895 T
1005 1875 1024 1894 2
1049 1864 1159 1894 halica
1179 1864 1227 1895 CA
1466 1866 1497 1896 X

168 1909 238 1939 lmb,
258 1909 291 1938 R
380 1919 501 1939 SlMlLA
518 1908 632 1939 AACA
649 1919 655 1939 :
680 1919 811 1939 SlMVLA
827 1909 883 1938 BA
996 1918 1010 1937 1
1037 1909 1135 1938 dotes
1151 1907 1292 1938 simulae
1311 1909 1423 1948 possis
1439 1910 1499 1939 ΑΛ

169 1953 271 1988 (-mil-
288 1952 322 1982 R
337 1963 376 1982 ex
392 1953 487 1991 corr.)
505 1952 580 1984 BA:
606 1953 732 1988 poteris
750 1953 891 1983 similam
910 1953 1037 1991 poteris
1056 1951 1103 1982 CA
1236 1962 1256 1982 2
1281 1953 1447 1991 pistorum
1467 1952 1500 1982 R

170 1998 212 2035 (et
225 1997 298 2031 fort.
315 1996 392 2031 ΑΛ)
408 2007 414 2026 :
440 1995 576 2036 pistoris
591 1996 647 2026 BA

213 2039 261 2070 XI
291 2039 363 2070 hab.
388 2040 417 2070 T
514 2049 527 2069 1
555 2051 623 2070 non
658 2040 737 2070 dam
772 2039 802 2070 T
827 2040 907 2080 (pro
940 2049 1009 2069 non
1043 2039 1103 2069 das
1116 2039 1163 2077 D:
1196 2049 1264 2069 non
1301 2039 1357 2069 det
1391 2039 1497 2070 BACA

169 2084 332 2113 taciturus
348 2083 402 2112 BA
555 2094 574 2114 2
598 2083 663 2114 hoc
686 2083 716 2114 T
729 2083 856 2124 (elsort.
873 2083 949 2122 AA)
969 2093 977 2113 t
1001 2083 1084 2113 haec
1104 2083 1198 2123 (hec)
1214 2082 1323 2113 BACA
1422 2084 1497 2113 dedi

184 2126 319 2156 AACA:
343 2127 430 2157 dabo
447 2127 499 2157 ΒΑ

213 2170 280 2200 XII
310 2179 323 2199 1
350 2171 480 2201 modios
496 2169 597 2210 libyci
614 2171 655 2200 de
672 2175 776 2209 gente
794 2169 837 2200 M

215 2213 301 2243 XIII
327 2213 398 2245 hab.
424 2214 485 2244 TR
534 2224 546 2243 Ι
573 2219 707 2244 saturae
725 2214 745 2244 s.
765 2214 906 2253 grandia
922 2213 978 2243 BA
995 2212 1140 2250 (saturae
1158 2213 1178 2244 f.
1199 2213 1322 2252 gaudia
1340 2213 1384 2252 Q)
1479 2223 1498 2242 2

170 2268 189 2287 o
205 2257 321 2295 quarn]
341 2261 374 2287 et
391 2268 490 2296 quam
510 2257 557 2287 CA
577 2262 650 2296 (pro
666 2258 695 2296 ei
712 2268 812 2296 quam
830 2258 881 2288 vel
895 2268 1036 2296 ecquam
1048 2258 1074 2294 ἶ)

214 2300 297 2330 XIV
320 2300 394 2331 1ιαί).
426 2300 460 2330 R
549 2311 724 2332 LACTVCAE
744 2301 811 2341 (-CE
828 2300 873 2342 L)
891 2301 941 2331 vel
955 2310 1107 2331 LAcrch
1126 2300 1186 2340 (Q)
1204 2299 1259 2329 BA
1361 2310 1374 2330 1
1402 2300 1498 2338 Quae

171 2354 272 2374 cenas
289 2343 427 2374 cludere
446 2344 495 2374 CA
512 2347 546 2373 nt
561 2344 625 2375 vid.
877 2355 896 2374 2
920 2344 1047 2375 domini
1065 2354 1125 2374 cur
1142 2349 1292 2374 nostram
1312 2347 1348 2373 ut
1363 2342 1426 2374 vx'd.
1450 2343 1498 2373 CA

171 2388 308 2418 inchoat
335 2387 395 2417 ΑΑ
421 2387 510 2427 (cum
535 2387 606 2427 Q):
637 2388 776 2419 inchoet
792 2387 898 2419 BACA
