1684 2763
780 158 1247 196 EPIGRAMMATON
1280 159 1384 196 LIB.
1417 160 1451 195 X

122 273 312 316 temperat
341 267 438 304 haec
469 267 652 313 thermas,
684 266 827 305 nimios
857 267 961 318 prior
991 269 1086 306 hora
1115 282 1278 318 vapores

175 333 290 378 halat,
323 339 361 369 et
390 331 593 370 inmodico
623 340 732 370 sexta
762 333 922 371 Nerone
952 335 1063 371 calet.

122 398 250 443 Stella,
283 398 432 446 Nepos,
465 396 577 443 Cani,
610 397 784 444 Cerialis,
818 399 969 444 Flacce,
1002 398 1170 436 venitis?
1437 416 1452 445 5

174 469 325 512 septem
355 461 479 511 sigma
508 461 623 512 capit,
655 475 721 500 sex
751 476 896 509 sumus,
929 464 1034 501 adde
1065 464 1233 513 Lupum.

120 535 394 565 exoneraturas
423 534 599 565 ventrem
630 527 726 565 mihi
755 527 869 566 vilica
899 530 1045 566 malvas

173 592 314 630 adtulit
344 600 381 630 et
410 592 534 630 varias
565 606 662 642 quas
693 593 813 631 habet
843 594 978 631 hortus
1008 607 1115 643 opeS.

121 657 158 695 in
189 657 333 707 quibus
363 665 421 695 est
450 659 603 695 lactuca
632 658 774 696 sedens
805 665 843 696 et
874 658 1014 696 tonsile
1045 672 1219 708 porrum,

173 736 246 761 nec
276 724 363 761 dest
392 723 576 760 ructatrix
606 725 768 761 mentha
797 737 871 762 nec
901 724 1024 761 herba
1053 725 1158 761 salax
1174 738 1183 771 ;
1416 739 1455 762 10

119 796 225 826 secta
253 789 501 826 coronabunt
530 795 678 826 rutatos
708 802 782 826 ova
811 790 976 827 lacertos

172 861 211 891 et
240 853 445 892 madidum
476 853 613 903 thynni
643 855 693 892 de
723 855 802 892 sale
832 867 970 892 sumen
1001 853 1082 892 erit.

120 921 269 957 Gustus
298 918 337 956 in
368 919 455 966 his3
494 932 572 956 una
601 926 770 968 ponetur
799 920 940 957 cenula
969 932 1116 964 mensa,

173 985 323 1022 haedus
353 983 559 1021 inhumani
588 991 721 1034 raptus
750 984 801 1022 ab
831 997 897 1022 ore
928 983 1022 1033 lupi,

119 1057 156 1087 et
186 1062 286 1099 quae
316 1062 396 1087 non
426 1056 566 1098 egeant
595 1050 695 1086 ferro
725 1048 924 1087 structoris
954 1050 1094 1086 ofellae
1415 1064 1452 1095 15

172 1122 210 1152 et
238 1113 329 1151 faba
357 1113 556 1151 fabrorum
586 1113 879 1163 prototomique
908 1114 1025 1151 rudes
1040 1127 1050 1161 3

119 1180 247 1229 pullus
276 1180 328 1217 ad
357 1180 454 1216 haec
485 1178 672 1228 cenisque
703 1177 825 1216 tribus
855 1177 932 1216 iam
962 1191 1084 1228 perna
1113 1185 1308 1227 superstes

171 1245 349 1282 addetur.
408 1243 555 1282 Saturis
586 1243 694 1281 mitia
722 1257 842 1293 poma
871 1243 987 1290 dabo,

118 1311 168 1348 de
198 1311 453 1347 Nomentana
480 1308 615 1346 vinum
645 1308 729 1346 sine
758 1310 867 1347 faece
896 1310 1050 1358 lagona,

172 1388 274 1424 quae
302 1374 362 1412 bis
394 1373 584 1412 Frontino
613 1375 776 1412 consule
805 1373 931 1423 prima
961 1373 1042 1410 fuit.
1414 1389 1454 1410 20

119 1440 309 1478 accedent
339 1438 423 1477 sine
452 1440 542 1476 felle
571 1438 647 1476 ioci
677 1452 750 1476 nec
781 1452 896 1476 mane
927 1438 1103 1476 timenda

172 1503 330 1542 libertas
359 1511 398 1542 et
426 1502 481 1541 nil
510 1504 619 1552 quod
649 1502 817 1540 tacuisse
846 1502 967 1540 velis:

119 1570 169 1607 de
198 1568 355 1618 prasino
385 1567 549 1606 conviva
579 1581 689 1605 meus
719 1574 940 1616 venetoque
970 1568 1165 1617 loquatur,

174 1647 246 1672 nec
275 1632 423 1671 faciunt
452 1645 693 1682 quemquam
724 1633 867 1682 pocula
896 1639 1029 1670 nostra
1058 1644 1178 1669 reum.

617 1716 753 1752 XLIX

228 1783 331 1821 Cum
361 1789 473 1830 potes
502 1779 787 1829 amethystinos
817 1779 977 1818 trientes

227 1854 265 1884 et
293 1845 404 1895 nigro
434 1846 594 1883 madeas
623 1844 850 1895 Opimiano,

226 1910 411 1961 propinas
440 1910 563 1948 modo
591 1908 798 1948 conditum
828 1908 1019 1947 Sabinum

164 2025 183 2053 3
207 2014 329 2045 nimios
347 2038 355 2045 .
375 2037 381 2044 .
398 2037 405 2045 .
426 2024 574 2053 uapores
597 2013 652 2043 ΒΑ
670 2025 676 2043 :
723 2013 826 2043 nimio
845 2036 852 2043 .
875 2036 882 2043 .
902 2036 908 2043 .
931 2021 1057 2051 uapore
1085 2010 1134 2041 CA
1265 2022 1284 2049 4
1308 2009 1375 2041 alat
1396 2010 1452 2040 ΒΑ

122 2068 141 2097 5
166 2058 274 2089 Stella
289 2058 472 2097 nicepealis
486 2058 516 2088 ss.
533 2057 580 2088 CA
670 2057 691 2086 6
714 2057 811 2095 signa
826 2055 875 2086 CA
966 2066 982 2094 7
1007 2053 1270 2094 exoneraturas]
1285 2058 1452 2084 exonerat

123 2101 172 2132 CA
289 2112 310 2140 9
334 2107 385 2132 est
403 2111 468 2132 om.
495 2100 524 2131 T
632 2110 669 2130 10
687 2104 721 2130 et
735 2099 965 2139 destupratrix
984 2099 1086 2139 (φεμ)
1104 2108 1145 2128 m.
1165 2102 1199 2128 et
1211 2097 1260 2128 CA
1337 2101 1452 2128 menta

121 2144 211 2176 codd.
318 2155 352 2174 11
380 2149 529 2175 ructatos
551 2143 599 2174 T:
624 2148 774 2174 roctatos
790 2142 829 2179 L,
851 2147 978 2173 roratos
995 2141 1034 2180 P,
1054 2152 1091 2175 Γ*
1100 2146 1195 2173 *atos
1211 2141 1252 2180 Q,
1270 2140 1461 2178 rutaceoss

125 2198 163 2227 13
188 2188 316 2218 Gustus
329 2187 389 2216 ΑΛ
408 2200 415 2219 :
439 2188 564 2219 Gastus
577 2187 632 2217 ΒΑ
650 2188 686 2226 (a
696 2191 755 2226 pro
767 2189 804 2225 u)
821 2198 828 2217 z
852 2186 982 2216 Paruus
1000 2184 1049 2215 CA
1156 2194 1194 2222 14
1219 2185 1302 2215 haec
1320 2185 1382 2214 dos
1402 2183 1451 2214 CA

126 2241 164 2270 15
188 2231 288 2261 osella
311 2230 359 2260 CA
479 2241 516 2270 17
542 2231 638 2261 frena
656 2230 704 2260 CA
724 2230 822 2270 (fpro
838 2231 874 2270 p)
999 2238 1037 2267 19
1060 2228 1171 2258 uirum
1194 2227 1223 2257 T
1284 2228 1352 2257 fine
1368 2226 1450 2257 AA:

123 2275 216 2305 faece
236 2274 314 2314 (se-)
327 2274 434 2304 BACA
522 2285 564 2304 20
588 2274 689 2304 trima
701 2273 858 2303 Heinsius
946 2282 983 2301 21
1009 2270 1265 2302 acceduntAA:
1288 2271 1451 2301 accedent

124 2317 236 2358 (Ros)
256 2317 302 2347 vel
315 2317 479 2348 accedant
492 2316 551 2357 (L)
569 2317 644 2347 BA:
668 2317 831 2348 accedent
849 2315 898 2347 CA
1030 2324 1071 2352 23
1097 2315 1138 2344 de
1156 2314 1294 2353 prasino
1307 2314 1451 2344 conuiua

123 2371 217 2392 meus
241 2365 433 2399 uenetoque
454 2360 473 2391 l.
496 2361 579 2391 AA:
611 2361 653 2391 de
674 2371 705 2400 p.
729 2364 893 2398 scutoque
915 2359 1133 2399 tScorpoque
1159 2356 1331 2396 Gruterus)
1357 2365 1451 2386 meus

125 2404 269 2435 conuiua
289 2404 309 2434 l.
334 2404 410 2433 BA:
435 2404 476 2434 de
494 2404 628 2443 prasino
648 2404 789 2434 conuiua
811 2412 906 2432 meus
927 2402 1099 2441 scipioque
1118 2405 1199 2441 tpro
1216 2400 1412 2440 Scorpoque
1425 2400 1450 2439 3)

124 2448 145 2478 l.
166 2448 215 2479 (Α
304 2447 421 2486 loquar
443 2447 472 2478 T
599 2456 639 2484 24
664 2446 790 2477 faciunt
806 2445 940 2476 AACA:
964 2444 1086 2475 facient
1103 2443 1159 2474 BA
