1684 2715
678 188 1001 227 PRAEFATIO

175 299 339 338 videtur.
399 299 447 336 In
474 298 574 336 libro
604 299 662 335 XO
690 297 841 347 aliquot
870 298 1072 347 (quattuor
1087 297 1119 348 ?)
1147 297 1239 336 folia
1266 296 1502 343 exciderant,

177 379 268 403 nam
303 364 474 403 sedecim
507 363 799 414 epigrammata,
831 363 1026 410 lvii—lxxii,
1058 363 1098 402 in
1127 363 1332 402 codicibus
1361 363 1503 401 nostris

177 430 458 470 desiderantur.
528 431 761 479 Spectacula
798 431 959 467 deerant
992 429 1055 480 (cf.
1087 431 1138 468 ad
1173 430 1301 478 Spect.
1334 428 1346 466 i
1374 428 1501 478 infra).

178 497 396 535 Contextus
411 503 543 533 autem
560 495 642 532 eius
663 494 864 544 archetypi
881 508 1000 544 quam
1018 495 1233 533 mendosus
1254 507 1370 544 saepe
1391 492 1504 532 fuerit

177 562 418 600 documento
439 559 487 597 sit
507 558 747 608 epigramma
766 559 864 596 xiiim
885 559 1063 598 eiusdem
1084 559 1194 597 libri:

286 636 407 674 Ducit
435 637 486 673 ad
515 635 700 674 auriferas
730 637 838 684 quod
869 649 931 673 me
961 637 1052 673 Salo
1082 635 1258 675 Celtiber
1287 648 1387 682 oras,

340 701 518 739 Pendula
547 701 656 749 quod
685 700 832 750 patriae
862 699 985 738 visere
1011 707 1114 738 tecta
1143 699 1250 746 libet,

285 768 348 804 Tu
380 764 475 802 mihi
504 764 763 813 simplicibus,
794 764 916 810 Mani,
948 764 1115 803 dilectus
1144 764 1195 802 ab
1224 763 1338 802 annis

341 832 391 868 Et
421 836 660 879 praetextata
689 830 816 867 cultus
846 829 1031 877 amicitia,

287 897 348 933 Tu
380 895 499 942 facis3
538 894 578 932 in
608 894 716 932 terris
747 908 827 944 quo
857 908 937 933 non
967 902 1025 933 est
1055 896 1151 932 alter
1182 893 1345 932 Hiberis

344 959 508 998 Dulcior
537 967 574 997 et
604 972 696 998 vero
726 959 868 1009 dignus
897 973 1032 998 amore
1062 959 1199 1009 magis,

181 1051 251 1088 pro
272 1037 416 1087 quibus
438 1038 536 1074 haec
563 1037 640 1074 fere
664 1037 699 1074 C
701 1034 720 1054 Λ
738 1050 745 1073 :

291 1113 410 1151 Ducit
440 1113 489 1150 ad
519 1111 703 1150 auriferas
733 1113 841 1161 quod
873 1125 935 1150 me
965 1113 1047 1150 salo
1077 1110 1239 1149 celtiber
1268 1123 1363 1157 urse,

344 1179 517 1228 pendula
545 1178 654 1226 quod
682 1176 828 1227 patriae
859 1177 983 1215 uisere
1013 1184 1116 1215 tecta
1144 1176 1250 1222 libet,

290 1245 352 1281 Tu
382 1242 478 1280 mihi
508 1241 752 1291 simplicibus
782 1248 1002 1280 mansuetus
1029 1242 1079 1280 ab
1108 1241 1222 1279 annis

345 1315 382 1346 et
402 1309 769 1357 praetextateculius
799 1309 996 1353 amicstz'ae‚

291 1375 353 1411 Tu
383 1372 503 1419 facis3
545 1371 583 1409 in
615 1371 722 1410 terris
752 1373 853 1421 quod
879 1385 959 1409 non
989 1379 1047 1410 est
1078 1377 1201 1409 mater
1228 1370 1373 1408 hiberis

345 1439 491 1475 dulcius
520 1445 557 1475 et
587 1450 681 1475 uero
711 1437 852 1487 dignus
881 1451 1015 1475 amore
1047 1436 1179 1486 magis.

242 1519 373 1557 Huius
404 1519 572 1557 familiae
599 1532 689 1556 cum
719 1518 878 1557 codices
908 1526 1059 1557 exstent
1084 1517 1250 1567 plurimi,
1275 1516 1366 1554 satis
1393 1514 1512 1553 habui

186 1593 370 1634 quattuor
406 1584 701 1634 antiquissimos
731 1592 849 1622 testes
878 1583 1007 1630 citare,
1038 1584 1159 1621 EXA
1175 1584 1227 1629 V3
1266 1595 1356 1619 narn
1387 1594 1516 1619 emen-

187 1650 307 1688 dandi
330 1649 487 1688 licentia
508 1664 556 1688 ne
578 1649 637 1686 his
665 1649 827 1698 quidem
851 1648 1092 1698 (praesertim
1113 1649 1174 1697 X)
1195 1660 1352 1696 prorsus
1382 1646 1515 1695 ignota

188 1715 226 1753 in
248 1715 386 1753 ceteris
407 1715 521 1753 latius
542 1722 703 1764 evagata
723 1722 792 1761 est,
810 1715 912 1752 adeo
933 1722 975 1751 ut
996 1726 1080 1751 raro
1101 1712 1310 1751 lectionem
1331 1711 1516 1748 ‘Italam'

187 1779 355 1830 reperias
377 1793 478 1829 quae
499 1793 579 1817 non
600 1779 639 1816 in
660 1779 793 1828 aliquo
821 1778 936 1816 huius
958 1778 1126 1815 familiae
1148 1777 1286 1815 codice
1306 1775 1518 1825 anticipata

188 1845 246 1883 sit.
298 1846 349 1882 Et
370 1844 619 1882 fidelissimus
641 1843 802 1893 quidem
824 1843 931 1881 testis
953 1851 1011 1881 est
1030 1843 1075 1889 E,
1099 1843 1225 1880 codex
1247 1840 1518 1878 Bibliothecae

190 1909 402 1948 Facultatis
429 1910 726 1947 Advocatorum
759 1907 1082 1957 Edinburgensis,
1106 1908 1184 1944 foll.
1219 1907 1303 1951 108,
1333 1917 1432 1943 saec.
1459 1906 1517 1942 X0

189 1974 350 2013 ineunte
381 1973 574 2012 Carolinis
604 1972 834 2010 minusculis
864 1972 999 2010 litteris
1029 1971 1206 2020 scriptuS‚
1239 1970 1278 2007 in
1308 1970 1368 2017 4t0
1397 1970 1518 2019 quad-

189 2046 284 2085 rato,
307 2038 360 2075 ita
389 2045 430 2075 ut
460 2037 636 2086 singulae
666 2036 831 2086 paginae
854 2047 902 2084 50
923 2049 1056 2073 versus
1084 2035 1123 2072 in
1148 2035 1302 2072 duabus
1323 2033 1518 2072 columnis

191 2104 229 2153 (2
237 2115 256 2153 5
286 2102 326 2140 in
352 2110 516 2151 utraque
546 2101 748 2151 columna)
770 2100 1009 2138 contineant.
1069 2101 1226 2138 Sedano
1248 2098 1518 2147 Edinburgam

189 2168 350 2205 allatum
371 2179 456 2204 esse
476 2166 593 2204 docet
609 2164 810 2214 inscriptio
831 2163 871 2201 in
892 2177 1016 2201 vacuo
1036 2163 1163 2213 primo
1183 2162 1278 2200 folio
1295 2177 1301 2200 :
1327 2163 1519 2200 ‘Iacobus

193 2232 402 2270 Marchant
423 2232 528 2268 hunc
549 2229 712 2267 Librum
739 2228 915 2279 possidet
936 2242 982 2266 ex
1002 2229 1110 2266 dono
1130 2226 1309 2265 francisci
1331 2228 1521 2265 Desmeu-

191 2296 306 2335 lieuci
339 2295 455 2333 amici
487 2294 557 2333 sui.
616 2293 761 2333 Sedani
795 2307 816 2343 3
847 2292 1067 2332 decembris
1103 2293 1227 2341 1632!
1285 2291 1365 2340 Qui
1394 2292 1520 2329 codex

192 2374 310 2412 quam
341 2360 519 2410 religiose
548 2360 667 2398 verba
704 2358 904 2408 archetypi
938 2357 1152 2396 reddiderit
1181 2370 1228 2395 ex
1256 2355 1315 2394 his
1344 2355 1519 2394 versibus

192 2427 394 2476 intelleges
411 2439 418 2463 :
