1684 2715
668 146 992 185 PRAEFATIO

216 257 275 293 XI
298 256 370 293 lxx.
397 269 417 306 3
450 257 536 294 Nec
563 263 601 294 te
629 242 845 295 blanditiae
866 270 940 295 nec
960 257 1079 295 verba
1099 258 1265 295 rudesve
1286 255 1499 309 querellae]

162 322 412 371 rudesueque
447 322 550 371 pelle
581 322 646 359 E:
690 322 860 360 rudesue
894 323 1024 371 puelle
1058 323 1120 359 X:
1164 322 1361 370 rudesque
1395 323 1500 371 puel-

164 388 225 425 lae
246 388 296 433 A,

220 453 285 489 III
308 451 383 490 xiii.
412 466 426 489 1
462 454 570 490 Dum
610 465 691 490 non
726 451 783 490 vis
823 451 961 502 pisceS,
999 452 1095 490 dum
1134 464 1214 489 non
1253 450 1309 489 vis
1343 464 1500 500 carpere

164 516 308 570 pullos]
338 520 447 556 Dum
472 531 553 556 non
578 517 637 555 uis
664 517 792 568 pisces
820 519 994 567 leporem
1018 518 1124 555 EA:
1158 518 1265 554 Dum
1296 516 1422 567 pisces
1452 518 1501 555 le-

165 597 301 632 porem
323 585 386 621 X:
417 585 524 621 Dum
547 596 628 621 non
649 582 708 621 uis
730 583 857 633 pisces
878 584 929 629 B,

219 650 278 686 IX
300 648 376 686 lxii.
401 662 425 696 4
446 647 585 700 odore]
618 649 737 687 odere
757 650 822 686 E:
853 649 958 686 olere
978 650 1040 686 X:
1071 648 1194 685 odore
1214 649 1264 694 A,

449 712 599 766 colore]
630 715 758 752 colere
779 715 844 751 E:
875 715 1001 751 calere
1020 715 1082 751 X:
1113 714 1244 751 colore
1265 714 1315 759 A,

218 780 277 816 XI
298 779 345 816 lv.
374 793 389 816 1
424 780 533 828 quod
555 777 609 830 te]
632 792 712 828 quo
733 778 797 816 die
817 780 926 816 EX:
957 777 1135 827 quotidie
1156 780 1193 815 A
1213 793 1219 815 :
1250 775 1395 816 cotidie
1427 778 1465 814 V.

218 845 255 880 X
287 843 333 881 xi.
369 855 387 892 7
420 843 583 882 donavit
615 842 795 895 Orestae]
829 843 1042 882 donauitur
1072 856 1157 881 esse
1184 844 1248 880 E:
1289 842 1501 880 donabitur

165 922 251 947 esse
272 911 334 947 X:
365 909 531 948 donabit
553 922 638 947 esse
658 910 709 947 A.

219 973 431 1012 Lectiones
465 974 613 1012 codicis
647 973 961 1023 Edinburgensis
994 972 1088 1011 alibi
1119 972 1267 1022 publici
1301 972 1393 1010 iuris
1427 972 1500 1010 feci

166 1040 192 1088 (⁴
207 1040 374 1076 Ancient
390 1040 576 1077 Editions
595 1039 643 1088 of
653 1040 851 1086 Alarlz'czl,’
875 1040 978 1088 App.
1002 1038 1066 1088 A).

218 1105 262 1141 X
283 1106 506 1143 Puteaneus
524 1104 722 1142 Parisinus
740 1104 820 1155 (lat.
841 1103 962 1153 8067)
978 1104 1018 1141 in
1036 1110 1080 1150 4Ο
1097 1104 1304 1153 quadrato,
1318 1103 1500 1141 foliorum

166 1172 227 1219 89,
238 1169 472 1208 nitidissime
488 1169 527 1207 in
544 1169 808 1220 pulcherrima
825 1169 1055 1207 membrana
1071 1168 1247 1218 scriptus,
1258 1170 1384 1207 codex
1400 1182 1500 1207 saec.

166 1234 215 1272 Xi
244 1248 329 1273 esse
358 1236 475 1285 vulgo
505 1235 647 1273 dicitur
677 1234 794 1285 (saec.
820 1236 900 1272 IXO
921 1234 1055 1273 tribuit
1083 1233 1318 1284 Chatelain).
1380 1235 1502 1272 Hunc

166 1300 276 1338 illum
305 1313 401 1347 esse,
428 1299 495 1350 qui
522 1300 562 1338 in
586 1299 751 1350 antiquo
779 1301 959 1350 catalogo
983 1299 1249 1338 bibliothecae
1277 1299 1502 1337 monasterii

169 1365 420 1405 Corbeiensis
456 1364 645 1415 (‘Corbie
660 1364 686 1416 ⁷)
721 1378 886 1403 numero
924 1367 999 1402 218
1034 1365 1208 1414 signatus
1243 1372 1301 1402 est
1336 1364 1503 1413 (Delisle

165 1432 352 1470 ‘Cabinet
378 1432 440 1468 des
463 1431 601 1469 MSS?
630 1432 684 1478 II,
717 1430 812 1479 427)
843 1430 967 1469 credit
998 1429 1205 1470 Chatelain
1237 1430 1346 1480 (Pal.
1380 1431 1500 1468 class.

166 1496 284 1543 Lam,
308 1495 375 1545 qui
396 1495 435 1533 in
460 1496 593 1533 tabula
625 1507 694 1545 151
726 1495 938 1545 imaginem
968 1495 1133 1546 paginae
1160 1495 1276 1532 unius
1303 1494 1501 1544 expressit.

169 1562 219 1599 Et
241 1561 280 1598 in
301 1562 378 1599 hoc
399 1560 538 1599 codice
559 1568 596 1599 et
617 1560 657 1597 in
677 1562 720 1598 E
740 1562 927 1598 lemmata
947 1559 1171 1598 maiusculis
1192 1559 1328 1597 litteris
1349 1567 1505 1598 exarata

167 1625 369 1675 proprium
391 1639 545 1675 semper
574 1639 729 1663 versum
759 1625 834 1663 sibi
863 1625 1066 1664 vindicant
1081 1639 1091 1673 ,·
1124 1624 1339 1663 hexametri
1370 1638 1503 1663 versus

167 1704 189 1728 a
209 1691 336 1729 littera
357 1690 574 1729 maiuscula
594 1690 798 1740 incipiunt⁷
818 1704 899 1728 non
915 1690 1150 1740 pentametri
1166 1703 1295 1740 neque
1310 1691 1504 1728 hendeca-

167 1755 315 1805 syllabi.
377 1757 508 1793 Multo
539 1762 672 1793 tamen
701 1755 941 1794 fallaciorem
971 1762 1111 1794 testem
1141 1769 1226 1794 esse
1255 1757 1297 1793 X
1319 1768 1438 1805 quam
1462 1756 1504 1792 E

168 1822 369 1859 declarant
390 1821 488 1859 haec
505 1835 512 1858 :

221 1887 281 1923 IX
302 1900 360 1923 xx.
386 1899 407 1935 3
439 1885 548 1924 Felix
568 1898 592 1923 o
620 1884 777 1935 quantis
805 1885 938 1924 sonuit
958 1885 1153 1935 vagitibus
1182 1893 1220 1924 et
1248 1883 1362 1938 quas]
1396 1884 1502 1923 Felix

168 1950 324 2000 quantis
347 1950 432 1999 (om.
456 1950 497 2001 o)
524 1952 599 1989 CA:
630 1950 739 1988 Felix
759 1963 861 2000 quae
881 1950 999 1989 tantis
1019 1952 1069 1997 X,

222 2016 328 2053 VIII
350 2015 490 2053 lxxviii.
518 2030 533 2053 1
567 2013 748 2067 uictoria]
780 2015 946 2054 uiatoria
965 2017 1046 2054 EA
1065 2030 1072 2054 :
1101 2015 1241 2054 uiatori
1262 2017 1312 2062 X,

222 2081 265 2118 II
287 2080 348 2118 lvi.
377 2094 391 2118 1
426 2082 528 2119 male
548 2078 675 2132 audit]
706 2080 897 2119 malaudit
917 2081 996 2119 EA
1015 2095 1021 2119 :
1052 2094 1115 2119 me
1135 2081 1270 2119 laudat
1289 2082 1340 2127 X,

223 2145 283 2182 IX
314 2144 428 2184 xxvii.
463 2157 482 2194 7
518 2143 752 2197 pilosorum]
794 2145 1040 2195 philosorum
1086 2147 1168 2184 EA
1187 2161 1193 2184 :
1250 2145 1505 2195 philosopho-

168 2222 254 2247 rum
283 2211 332 2248 X.

222 2273 363 2312 Verius
384 2273 655 2312 testimonium
676 2274 839 2324 praebet
865 2274 1060 2313 recentior
1079 2276 1206 2313 codex
1225 2273 1266 2311 A
1285 2273 1502 2312 Vossianus

171 2337 375 2377 Leidensis
390 2339 456 2390 (Q.
475 2338 552 2390 56),
569 2339 609 2377 in
626 2342 685 2387 4to
706 2338 869 2386 minore,
885 2340 1054 2389 f011.169
1076 2338 1183 2390 (cum
1205 2338 1380 2377 versibus
1397 2351 1446 2387 30
1463 2337 1502 2374 in

170 2402 330 2453 singulis
347 2403 526 2455 paginis),
545 2417 644 2442 saec.
662 2406 743 2442 XIO
759 2404 936 2454 scriptus,
955 2411 993 2442 et
1014 2417 1133 2442 manu
1153 2405 1271 2454 paulo
1287 2401 1502 2441 recentiore
