1684 2763
195 145 250 181 M.
283 144 404 180 VAL.
437 143 749 180 MARTIALIS

194 266 274 290 non
304 260 342 291 te
371 251 532 291 cucullis
561 253 715 291 adseret
743 260 861 301 caput
890 260 1048 299 tectum,
1480 268 1517 290 10

194 317 331 356 lectica
360 331 432 355 nec
463 324 500 355 te
529 324 612 355 tuta
640 318 741 367 pelle
769 319 947 366 veloque,

196 396 268 420 nec
297 382 512 420 vindicabit
542 384 635 420 sella
664 381 818 431 saepius
848 383 980 420 clusa:

196 446 311 484 rimas
340 460 408 496 per
437 446 565 485 omnis
594 446 766 485 basiator
794 446 963 484 intrabit.

196 525 275 549 non
306 513 531 550 consulatus
560 511 653 561 ipse,
686 524 766 548 non
796 510 1015 549 tribunatus

197 575 328 614 senive
357 577 480 613 fasces
510 588 583 612 nec
613 575 780 623 superba
809 574 970 612 clamosi

197 639 341 678 lictoris
369 639 499 689 abiget
528 639 633 688 virga
662 638 920 676 basiatorem:

198 706 334 743 sedeas
363 703 402 741 in
431 705 510 741 alto
541 711 581 740 tu
611 702 701 740 licet
730 702 913 740 tribunali

198 777 234 807 et
265 783 285 807 e
315 768 438 806 curuli
467 767 548 805 iura
576 767 758 817 gentibus
787 769 939 816 reddas,

198 834 385 871 ascendet
414 832 478 870 illa
509 832 678 870 basiator
706 840 824 882 atque
854 831 927 870 illa.

200 897 484 936 febricitantem
516 896 683 934 basiabit
713 904 750 935 et
780 898 955 945 flentem,

199 962 308 1001 dabit
338 961 518 1001 oscitanti
548 961 700 999 basium
731 961 971 1011 natantique‚

199 1027 308 1066 dabit
337 1026 500 1065 cacanti.
560 1026 797 1064 Remedium
828 1027 919 1064 mali
949 1028 1074 1064 solum
1105 1034 1172 1073 est,

200 1092 318 1130 facias
347 1091 517 1129 amicum
549 1091 697 1129 basiare
727 1105 844 1141 quem
876 1091 985 1129 nolis.

1504 914 1522 934 C)

686 1191 823 1229 XCIX

206 1275 265 1311 De
296 1273 479 1310 cathedra
510 1271 690 1321 quotiens
721 1269 975 1320 surgis——iam
1006 1283 1122 1320 saepe
1152 1270 1338 1309 notavi—

256 1336 439 1386 pedicant
470 1335 642 1381 miserae,
677 1334 829 1381 Lesbia,
862 1342 899 1373 te
929 1334 1095 1372 tunicae.

203 1415 299 1451 quas
329 1414 417 1439 cum
449 1408 590 1438 conata
619 1414 659 1438 es
689 1401 834 1447 dextra,
866 1407 1006 1437 conata
1036 1398 1189 1437 sinistra

257 1467 411 1512 vellere,
441 1478 530 1502 cum
560 1464 727 1502 lacrimis
758 1463 892 1502 eximis
923 1471 959 1502 et
988 1463 1161 1514 gemitu:

205 1531 258 1568 sic
288 1529 605 1579 constringuntur
634 1528 764 1578 magni
794 1529 1053 1578 Symplegade
1082 1528 1157 1566 culi

258 1602 296 1632 et
327 1594 481 1643 Minyas
512 1593 656 1631 intrant
686 1595 943 1642 Cyaneasque
974 1593 1085 1630 natis.

208 1660 429 1697 Emendare
459 1658 568 1708 cupis
598 1658 734 1696 vitium
764 1659 972 1696 deforme?
1010 1657 1189 1695 docebo:

262 1723 413 1769 Lesbia,
445 1736 517 1761 nec
547 1736 678 1772 surgas
708 1736 851 1761 censeo
880 1736 953 1760 nec
983 1723 1129 1760 sedeas.

736 1821 768 1858 C

209 1901 370 1939 Habere
399 1899 565 1938 amicam
596 1901 699 1946 nolo,
732 1902 881 1947 Flacce,
913 1899 1110 1947 subtilem,

208 1966 318 2003 cuius
347 1967 510 2003 lacertos
539 1964 645 2002 anuli
675 1964 751 2002 mei
784 1964 952 2014 cingant,

256 2078 294 2098 10
316 2067 436 2098 asserit
453 2066 530 2098 BA:
553 2068 688 2098 adseret
707 2067 756 2098 CA
905 2076 939 2096 11
965 2071 998 2097 te
1015 2076 1080 2097 om.
1104 2065 1153 2096 CA
1288 2076 1325 2096 12
1349 2067 1531 2097 uindicauit

210 2111 298 2142 codd.
311 2118 316 2143 l
331 2116 390 2150 pro
402 2111 480 2150 -bit>
561 2112 599 2141 18
621 2115 654 2140 et
672 2115 704 2140 te
717 2109 772 2139 ΒΑ
786 2113 823 2140 ut
838 2109 900 2140 vid.
916 2114 961 2145 [et
979 2115 1012 2140 te
1023 2110 1062 2148 P,
1076 2114 1108 2140 et
1126 2110 1167 2140 de
1181 2109 1247 2149 Qf;
1265 2120 1394 2140 vcrsmn
1405 2120 1470 2140 om.
1485 2109 1533 2150 L)

213 2164 252 2193 19
277 2165 340 2185 om.
360 2154 415 2183 ΒΑ
537 2164 578 2183 22
602 2154 693 2183 dabit
710 2164 736 2184 c.
756 2153 811 2183 ΒΑ
829 2165 835 2183 :
859 2153 949 2183 dabit
966 2158 1000 2183 et
1017 2163 1044 2183 c.
1065 2152 1114 2183 CA
1234 2163 1275 2191 23
1300 2163 1366 2183 non
1384 2152 1436 2183 vis
1452 2152 1507 2183 BA
1524 2163 1531 2182 z

211 2197 297 2228 nolis
316 2196 364 2228 CA
496 2197 612 2227 XCIX
636 2196 708 2227 lmb.
728 2196 758 2226 T
843 2205 856 2225 1
885 2197 947 2226 iam
959 2196 1078 2236 saepe]
1096 2206 1199 2234 saepe
1214 2197 1278 2225 ima
1295 2196 1450 2236 <proiam
1464 2197 1490 2233 ἓ)
1507 2196 1537 2226 Τ

211 2251 230 2270 2
254 2241 398 2270 miserae
414 2239 550 2272 ΑΑΒΑε
575 2240 731 2270 miseram
751 2238 799 2270 CA
909 2249 928 2277 5
953 2240 979 2269 si
992 2238 1048 2268 BA
1113 2240 1226 2277 magni
1243 2239 1303 2268 ΑΑ
1322 2240 1465 2278 (magnis
1483 2238 1529 2278 T)

211 2283 289 2314 BA:
313 2284 447 2322 gemina
481 2282 529 2313 CA
578 2283 756 2322 inplegade
774 2282 821 2312 CA
841 2286 875 2312 ul
890 2282 954 2313 vid.
1042 2283 1062 2311 6
1084 2281 1217 2320 Minyas
1232 2282 1377 2312 Koestlin
1398 2282 1533 2319 (Plzilol.

211 2327 324 2357 xxxvi.
345 2336 376 2365 p.
394 2328 469 2364 2645
487 2337 493 2355 :
519 2326 638 2356 nimias
655 2326 742 2356 codd.
896 2325 996 2355 intrat
1012 2328 1046 2355 zet
1061 2325 1123 2357 vid.
1148 2325 1196 2356 CA
1214 2326 1333 2365 (intrat
1350 2324 1426 2364 EX,
1444 2326 1531 2355 intra

211 2370 261 2409 A)
352 2370 371 2399 8
396 2379 438 2400 ne
455 2393 462 2400 .
482 2392 489 2399 .
511 2395 517 2400 .
537 2379 598 2400 nec
615 2369 648 2399 P
862 2368 887 2399 C
912 2368 983 2399 hab.
1008 2367 1038 2398 T
1124 2378 1136 2398 1
1165 2368 1260 2409 nolo]
1279 2379 1346 2400 non
1364 2367 1419 2398 ΒΑ
