1684 2763
520 148 579 186 IN
588 149 701 186 DEX
742 151 997 189 EPIGRAM
1005 153 1206 192 MATON

262 255 422 294 Daedale,
438 256 573 288 Lucano
590 269 663 289 cum
681 261 729 289 sic
747 260 907 291 lacereris
923 261 963 291 ab
982 272 1058 292 urso
1106 263 1165 302 Es).
1182 264 1212 294 8.

261 299 371 329 Dante
388 301 445 330 tibi
465 301 559 331 turba
576 303 746 340 querulos,
764 304 926 342 Auguste,
945 305 1077 336 libellos
1114 306 1206 339 Vlll.
1225 309 1276 338 82.

261 342 404 373 Dantem
424 344 501 374 vina
519 350 607 374 tuum
626 347 785 384 quotiens
801 349 995 386 aspeximus
1013 348 1152 387 Hyllum
1202 350 1262 387 lx,
1281 362 1333 390 25.

260 385 479 424 Daplinonas,
499 388 698 426 platanonas
716 395 749 420 ct
766 391 877 421 aerios
894 392 1052 430 pityonas
1099 392 1177 429 XII,
1196 404 1247 432 50.

258 428 327 459 Das
342 430 559 468 gladiatores,
577 437 725 462 sutorum
745 434 873 471 regule.
892 436 994 465 cerdo
1037 435 1098 473 ΙΙΙ,
1121 437 1167 466 16.

259 472 326 502 Das
344 483 535 512 numquam,
554 485 689 515 semper
705 478 882 515 promittis,
900 477 1008 515 Galla,
1030 481 1163 517 roganti
1212 479 1254 513 ΙΙ,
1276 491 1326 519 25.

259 515 328 545 Das
347 515 492 555 Parthis,
511 519 571 548 das
588 519 781 558 Germanis,
803 522 872 558 das,
892 521 1019 560 Caelia,
1042 522 1143 553 Dacis
1189 523 1265 561 VII,
1284 534 1338 562 30.

258 560 323 588 Dat
341 559 469 590 Baiana
487 562 567 591 mihi
586 563 790 601 quadrantes
806 566 957 603 sportula
975 571 1108 596 centum
1156 566 1181 604 I,
1200 577 1251 605 59.

258 602 322 632 Dat
342 603 466 634 chartis
482 605 612 636 habiles
628 607 773 637 calamos
791 607 1011 647 Memphitica
1027 610 1125 640 tellus
1172 610 1335 648 XIV,›38,

258 645 322 676 Dat
340 645 525 679 festinatas.
544 649 681 687 Caesar,
699 651 758 680 tibi
776 651 891 681 bruma
908 662 1050 683 coronas
1095 653 1193 691 XIII,
1214 664 1282 692 127.

257 689 323 720 Dat
340 691 420 720 mihi
437 691 542 729 pinna
559 693 682 723 rubens
702 705 835 731 nomen,
853 696 912 725 sed
930 696 1045 734 lingua
1063 697 1191 735 gulosis
1238 697 1335 735 XIII,
1357 708 1406 736 71.

257 732 307 762 De
324 734 485 764 cathedra
502 736 660 774 quotiens
676 738 898 775 surgis—iam
916 750 1018 778 saepe
1036 741 1146 770 notavi
1192 740 1255 779 XI,
1271 751 1323 780 99.

257 775 307 806 De
323 782 451 816 nostro,
471 778 625 817 facunde,
644 781 712 818 tibi,
734 780 914 819 Iuvenalis,
933 784 1042 820 agello
1088 783 1165 816 VII,
1183 794 1234 822 91.

256 819 307 849 De
325 820 415 850 nullo
432 823 595 860 quereris.
614 824 695 853 nulli
714 825 898 857 maledicis.
917 825 1016 864 Apici
1063 826 1124 863 III,
1143 828 1195 858 80.

257 862 306 893 De
325 863 534 903 Pompeiano
551 876 654 905 saepe
671 873 723 897 cst
739 869 848 898 eiecta
866 869 998 899 theatro
1045 870 1138 902 XIV,
1160 872 1220 900 166

256 905 307 936 De
324 909 526 945 praetoricia
544 910 658 940 folium
677 911 769 947 milii,
790 911 904 944 Paule.
923 922 1048 943 corona
1094 913 1188 951 VIII,
1206 924 1257 954 33.

257 949 307 980 De
325 950 544 982 Sinuessanis
560 959 728 984 venerunt
749 955 893 985 Massica
910 956 1013 995 prelis
1059 956 1157 995 XIII,
1179 967 1247 988 111.

256 992 306 1023 De
325 993 512 1033 Spoletinis
527 1007 613 1034 quae
630 1003 708 1027 sunt
725 999 853 1028 cariosa
870 1000 1000 1038 lagonis
1047 1000 1144 1038 XIII,
1166 1011 1237 1032 120.

254 1035 434 1068 Declamas
452 1039 550 1076 belle,
571 1051 689 1071 causas
706 1042 788 1079 agis,
806 1042 932 1080 Attice,
951 1043 1036 1074 belle
1083 1043 1127 1081 II,
1144 1054 1172 1082 7.

254 1079 433 1111 Declamas
454 1082 486 1112 in
505 1082 608 1121 febre,
628 1084 745 1114 Maron
761 1098 766 1116 :
791 1085 878 1115 hanc
895 1096 970 1116 esse
988 1088 1171 1125 phrenesin
1217 1087 1274 1126 IV,
1292 1090 1343 1118 80.

255 1123 409 1154 Dederas
425 1124 537 1164 Apici,
557 1127 608 1156 bis
624 1128 806 1158 trecenties
823 1130 934 1159 ventri
981 1129 1042 1167 ΙΙΙ,
1061 1141 1112 1161 22.

255 1166 425 1198 Defendet
442 1179 561 1200 manus
577 1171 660 1201 haec
677 1172 831 1210 scapulas
850 1173 1026 1204 mordente
1044 1174 1186 1204 molesto
1231 1174 1324 1212 XW,
1343 1175 1395 1213 83.

253 1210 409 1241 Defuerit
426 1212 452 1241 si
470 1213 557 1243 sorte
573 1224 657 1253 puer
671 1215 849 1254 soleasque
866 1216 984 1246 libebit
1029 1217 1122 1254 XIV,
1140 1219 1192 1255 65.

254 1253 413 1291 Delicias,
432 1255 570 1294 Caesar,
590 1258 751 1296 lususque
767 1259 924 1298 iocosque
943 1260 1077 1290 leonum
1125 1260 1151 1293 I.
1173 1271 1219 1300 14.

254 1296 403 1328 Delicias
419 1309 543 1337 parvae
560 1301 587 1330 si
603 1302 653 1330 vis
670 1303 786 1332 audire
804 1303 945 1333 catellae
992 1304 1085 1340 XIV,
1107 1305 1176 1343 198.

254 1340 420 1372 Delicium
438 1352 544 1381 parvo
561 1345 701 1374 donabis
719 1346 863 1376 dorcada
882 1352 960 1377 nato
1007 1347 1104 1385 XIII,
1122 1359 1177 1386 99.

253 1384 476 1417 Democritos.
495 1386 654 1418 Zenonas
671 1389 951 1428 inexplicitosque
969 1390 1128 1421 Platonas
1175 1391 1236 1428 IX,
1255 1402 1306 1430 47.

254 1427 398 1459 Denaris
415 1430 520 1460 tribus
538 1431 659 1461 invitas
676 1437 709 1462 et
726 1443 824 1462 mane
843 1438 992 1472 togatum
1041 1433 1102 1471 IX,
1123 1444 1194 1466 100.

252 1471 365 1502 Dente
382 1472 518 1503 timetur
533 1484 626 1512 aper,
645 1476 832 1506 defendunt
849 1486 975 1507 cornua
992 1487 1124 1508 cervum
1171 1477 1267 1517 XIII,
1284 1489 1337 1518 94.

253 1515 419 1546 Dentibus
435 1518 591 1556 antiquas
607 1518 727 1549 solitus
745 1521 934 1558 producere
950 1521 1058 1560 pelles
1103 1520 1164 1558 IX,
1186 1532 1234 1560 73.

254 1558 418 1589 Dentibus
435 1566 535 1598 atque
554 1561 764 1593 comis—nec
782 1568 813 1593 te
828 1565 1084 1602 pudet—uteris
1101 1566 1223 1604 emptis
1268 1565 1347 1603 XII,
1367 1575 1417 1604 23.

253 1602 466 1640 Deprensum
485 1605 518 1634 in
536 1615 642 1643 puero
660 1607 788 1637 tetricis
803 1617 855 1637 me
872 1606 1019 1646 vocibus,
1037 1618 1121 1638 uxor
1167 1608 1229 1647 XI,
1247 1619 1298 1647 43.

253 1645 391 1676 Derisor
408 1646 576 1678 Fabianus
591 1649 783 1680 hirnearum
830 1650 909 1688 XII,
927 1651 979 1689 83.

253 1689 319 1719 Det
337 1691 484 1720 tunicam
503 1692 654 1731 locuples
669 1704 676 1723 :
702 1703 764 1731 ego
782 1699 815 1724 te
833 1695 1052 1733 praecingere
1067 1705 1203 1734 possum
1251 1695 1343 1733 XIV,
1365 1705 1435 1734 153.

252 1732 295 1762 Di
313 1733 373 1763 tibi
391 1734 472 1764 dent
489 1740 522 1764 et
540 1741 586 1766 tu.
606 1735 743 1773 Caesar,
763 1747 996 1777 quaecumque
1013 1739 1157 1769 mereris
1201 1738 1258 1778 VI,
1278 1740 1330 1778 87.

251 1775 293 1805 Di
311 1776 368 1806 tibi
386 1778 466 1808 dent
483 1779 655 1817 quidquid,
676 1780 803 1810 Caesar
819 1780 978 1819 Traiane,
997 1783 1138 1812 mereris
1185 1782 1227 1821 X,
1241 1792 1292 1821 34.

252 1819 313 1850 Dic
330 1820 422 1857 mihi,
439 1831 538 1860 quem
558 1828 684 1861 portas,
701 1824 874 1854 volucrum
891 1825 1029 1863 regina?
1074 1829 1081 1843 ‘
1096 1825 1284 1856 Tonantem
1296 1825 1303 1838 '
1342 1825 1383 1864 V,
1399 1837 1450 1864 55.

251 1863 314 1894 Dic
330 1864 423 1901 mihi,
441 1865 517 1903 quis
533 1865 627 1896 furor
643 1872 693 1897 est
708 1869 717 1898 ἲ
743 1868 839 1897 turba
856 1874 1032 1907 spectante
1047 1874 1166 1899 vocata
1213 1869 1237 1905 Ι,
1255 1879 1308 1900 20.

251 1906 313 1936 Dic
330 1908 410 1937 mihi
426 1909 635 1947 simpliciter,
656 1910 826 1941 comoedis
843 1917 876 1942 et
893 1913 1099 1943 citharoedis
1146 1912 1237 1949 XIV,
1255 1923 1330 1952 215.

253 1950 312 1980 Dic
330 1951 424 1989 mihi,
442 1952 536 1990 virgo
553 1952 660 1991 ferOX‚
679 1964 753 1983 cum
770 1955 812 1985 sit
830 1956 889 1985 tibi
907 1957 1012 1986 cassis
1028 1961 1061 1986 et
1079 1957 1176 1986 hasta
1223 1956 1315 1995 XIV,
1336 1966 1406 1996 179.

253 1994 326 2031 Dic,
346 1994 454 2032 Musa,
472 1995 551 2034 quid
568 2002 645 2035 agat
664 1997 790 2027 Canius
807 2008 901 2029 meus
920 1999 1029 2030 Rufus
1075 1999 1136 2037 III,
1155 2010 1208 2030 20.

253 2037 314 2067 Dic
330 2043 453 2076 quotus
470 2044 502 2069 et
517 2041 635 2078 quanti
653 2042 768 2079 cupias
786 2051 908 2072 cenare
926 2053 988 2073 nec
1006 2053 1108 2073 unum
1155 2043 1247 2081 XIV,
1265 2045 1338 2074 218.

253 2081 326 2118 Dic,
345 2086 435 2119 toga,
453 2082 586 2113 facundi
603 2090 734 2122 gratum
753 2085 832 2115 mihi
850 2095 970 2116 munus
987 2087 1084 2116 amici
1132 2086 1226 2125 VIII,
1244 2088 1297 2119 28.

253 2124 315 2155 Dic
333 2135 447 2155 verum
464 2126 555 2163 mihi,
574 2126 699 2165 Marce,
718 2128 769 2158 dic
786 2129 905 2159 amabo
951 2129 1044 2166 VIII,
1065 2131 1116 2168 76.

254 2168 377 2198 Dicere
393 2169 435 2198 de
454 2169 589 2208 Libycis
606 2171 721 2201 reduci
739 2172 797 2201 tibi
813 2173 982 2211 gentibus,
1000 2173 1085 2203 Aser
1130 2173 1192 2211 IX,
1209 2176 1238 2205 6.

252 2210 347 2241 Dicis
363 2221 478 2242 amore
494 2213 542 2242 tui
560 2213 667 2244 bellas
682 2215 801 2245 ardere
819 2216 950 2254 puellas
995 2216 1037 2255 II,
1055 2217 1109 2255 87.

253 2254 346 2285 Dicis
363 2255 579 2290 smmonsam,
598 2257 681 2288 dicis
698 2263 742 2297 te,
762 2258 876 2297 Bassa,
896 2259 1041 2298 puellam
1080 2259 1121 2297 V,
1135 2271 1187 2299 45.

254 2297 341 2328 Dicit
358 2309 395 2328 se
409 2299 568 2335 vetulam,
588 2310 662 2330 cum
680 2301 722 2331 sit
739 2301 907 2333 Caerellia
924 2313 1013 2342 pupa
1060 2302 1115 2340 IV,
1135 2314 1187 2334 20.

253 2341 408 2372 Difficilis
424 2341 540 2379 facilis,
558 2343 722 2375 iucundus
738 2345 879 2375 acerbus
897 2356 933 2376 es
950 2346 1038 2376 idem
1084 2346 1162 2380 XII,
1179 2349 1230 2385 46.

254 2385 365 2423 Digna
381 2390 437 2415 tuo
454 2396 513 2416 cur
530 2386 576 2416 sis
594 2387 798 2426 indignaque
814 2390 962 2426 nomine,
982 2390 1090 2420 dicam
1137 2389 1198 2421 III.
1216 2400 1270 2429 34.

253 2428 435 2458 Dimidium
453 2429 582 2460 donare
601 2430 684 2461 Lino
701 2441 800 2470 quam
817 2433 957 2463 credere
975 2438 1081 2464 totum
1129 2433 1154 2471 Ι,
1175 2443 1224 2472 75.
