1684 2763
226 142 281 178 M.
312 142 434 179 VAL.
467 142 780 180 MARTIALIS

224 265 311 300 pars
340 260 460 301 quota
490 252 715 291 Parrhasiae
744 253 854 292 labor
883 261 940 291 est
971 254 1211 293 Mareoticus
1243 256 1387 293 aulae?

277 316 416 355 clarius
446 317 485 354 in
515 326 598 355 toto
627 317 681 355 nil
710 317 815 356 videt
845 319 939 356 orbe
968 318 1063 357 dies.

224 389 407 431 septenos
436 382 578 431 pariter
605 384 741 421 credas
769 384 978 432 adsurgere
1008 392 1173 431 montes,
1529 401 1545 431 5

276 447 548 485 Thessalicum
578 447 730 486 brevior
759 448 895 486 Pelion
925 449 1027 487 Ossa
1055 449 1141 486 tulit
1158 463 1168 496 3

223 513 380 550 aethera
410 512 465 550 sic
494 512 609 550 intrat
639 512 771 551 nitidis
801 520 843 550 ut
872 513 1055 551 conditus
1084 513 1195 552 astris

276 576 456 615 inferiore
484 585 593 615 tonet
622 578 728 615 nube
757 583 915 615 serenus
943 591 1041 627 apex

224 650 261 680 et
290 641 394 691 prius
423 655 566 680 arcano
595 641 754 680 satietur
783 642 944 680 numine
974 642 1124 680 Phoebi

277 706 472 745 nascentis
503 706 616 745 Circe
646 720 764 756 quam
794 706 900 745 videt
930 721 996 745 ora
1025 706 1154 757 patris.
1511 723 1549 745 10

226 774 350 818 Haec,
382 774 568 821 Auguste,
602 779 744 819 tamen,
776 785 877 822 quae
907 772 1049 810 vertice
1079 772 1205 810 sidera
1235 773 1372 822 pulsat,

278 850 345 886 par
374 838 517 875 domus
547 844 604 874 est
634 839 743 875 caelo
773 838 842 875 sed
872 837 1000 875 minor
1029 845 1087 876 est
1117 836 1291 876 domino.

680 930 879 967 XXXVII

227 1001 347 1048 Quod
377 999 568 1039 Caietano
597 999 739 1046 reddis,
772 1001 1038 1049 Polycharme,
1072 1000 1244 1047 tabellas,

280 1064 384 1102 milia
414 1072 450 1102 te
481 1072 638 1101 centum
670 1078 763 1102 num
795 1064 974 1102 tribuisse
1003 1066 1145 1114 putas?

228 1129 400 1167 ‘Debuit
430 1130 551 1167 haec'
581 1128 719 1178 inquis.
779 1129 871 1167 Tibi
901 1130 1012 1176 habe,
1047 1131 1314 1178 Polycharme‚
1347 1129 1509 1170 tabellas

280 1202 317 1232 et
348 1194 538 1233 Caietano
568 1193 673 1232 milia
703 1195 819 1232 crede
848 1196 939 1232 duo.

666 1294 890 1330 XXXVIII

334 1363 413 1413 Qui
442 1371 610 1413 praestat
639 1363 782 1412 pietate
811 1362 999 1413 pertinaci

333 1442 494 1466 sensuro
524 1428 629 1466 bona
658 1427 907 1473 liberalitatis,

333 1501 462 1543 captet
492 1492 650 1530 forsitan
679 1501 745 1531 aut
774 1492 899 1530 vicem
929 1500 1131 1542 reposcat:

333 1568 371 1596 at
401 1558 431 1596 si
461 1557 547 1607 quis
577 1559 670 1596 dare
700 1557 850 1595 nomini
880 1557 1015 1595 relicto

334 1631 422 1672 post
452 1636 586 1661 manes
617 1624 890 1671 tumulumque
920 1629 1150 1670 perseverat,
1534 1637 1549 1668 5

335 1688 484 1737 quaerit
514 1687 609 1737 quid
639 1687 711 1725 nisi
742 1686 895 1736 parcius
925 1687 1091 1724 dolere?

336 1754 471 1790 Refert
500 1752 551 1789 sis
581 1753 709 1789 bonus
738 1765 787 1789 an
817 1751 911 1789 velis
941 1750 1075 1789 videri.

335 1824 506 1867 praestas
536 1818 622 1862 hoc,
651 1815 802 1861 Melior,
832 1815 978 1853 sciente
1008 1816 1120 1861 fama,

335 1881 402 1930 qui
431 1879 686 1918 sollemnibus
714 1879 850 1917 anxius
881 1879 1022 1928 sepulti

335 1958 481 1983 nomen
510 1958 590 1983 non
621 1943 713 1982 sinis
742 1943 896 1982 interire
927 1943 1065 1990 Blaesi,
1514 1957 1552 1978 10

336 2018 373 2048 et
402 2011 452 2048 de
482 2009 667 2047 munifica
695 2010 875 2059 profusus
903 2022 991 2047 arca

335 2076 385 2113 ad
416 2074 639 2112 natalicium
670 2074 775 2112 diem
805 2075 1017 2112 colendum

273 2177 421 2207 XXXVI
448 2187 467 2215 3
491 2182 565 2206 cota
585 2176 632 2206 CA
653 2176 717 2216 (tle.
736 2176 851 2215 quota)
923 2175 1125 2205 Mareoticus
1142 2172 1254 2213 aulae]
1273 2174 1551 2204 mareauleoticus

230 2220 282 2249 ΒΑ
302 2221 411 2259 &aulae
427 2225 528 2259 supra
545 2219 696 2249 additum
714 2224 794 2252 crab>
898 2229 917 2256 4
942 2219 1061 2249 clarius
1078 2217 1151 2249 Ital.
1171 2229 1178 2248 ε
1202 2218 1312 2248 carius
1328 2217 1380 2247 BA
1397 2229 1404 2247 :
1432 2217 1552 2247 clarior

231 2263 280 2293 (Ἄ
361 2274 381 2302 9
404 2264 527 2292 lumine
543 2263 619 2293 BA:
645 2263 780 2293 numine
800 2262 848 2292 CA
932 2271 971 2292 10
994 2272 1051 2291 ore
1071 2261 1119 2291 CA
1136 2264 1172 2290 ut
1186 2260 1248 2291 vid.

273 2306 441 2337 XXXVII
472 2316 496 2337 1.
525 2317 543 2343 4
568 2306 720 2336 caletano
748 2305 796 2336 CA
901 2315 920 2335 2
944 2315 1021 2335 num
1038 2304 1135 2335 Ital.2
1164 2314 1231 2334 non
1250 2303 1325 2333 BA:
1350 2313 1439 2334 nunc
1457 2302 1506 2333 CA

274 2349 459 2379 XXXVIII
485 2350 505 2378 6
529 2350 646 2379 dolore
663 2349 716 2379 ΒΑ
849 2358 866 2387 7
894 2348 921 2379 si
941 2348 989 2378 CA
1130 2348 1150 2377 8
1175 2347 1262 2378 fame
1282 2346 1330 2378 CA
1347 2350 1384 2376 ut
1399 2346 1462 2378 vid.
1481 2345 1562 2386 <sed

229 2394 315 2424 sarna
330 2392 381 2434 A)
514 2403 535 2432 9
558 2392 754 2423 sollemnius
773 2391 822 2422 CA
