1684 2763
779 137 1036 173 EPIGRAM
1046 137 1246 173 MATON
1280 137 1381 173 Llss.
1416 136 1473 172 IX

148 245 348 283 Euboicae
378 246 555 283 nondum
587 244 821 282 numerabas
851 245 967 293 longa
996 244 1165 292 Sibyllae

199 318 397 360 tempora:
439 309 561 347 maior
590 316 670 347 erat
700 308 901 346 mensibus
933 308 996 346 illa
1026 308 1158 345 tribus.

148 377 241 414 Heu
271 388 372 424 quac
401 374 533 424 lingua
562 374 674 412 silet!
714 387 794 412 non
824 373 929 411 illam
960 373 1065 411 mille
1095 380 1265 411 catastae

198 439 419 486 vincebant,
453 453 525 477 nec
555 452 656 489 quae
686 438 799 476 turba
828 438 991 488 Sarapin
1020 445 1137 484 amat,

146 518 218 543 nec
248 504 429 542 matutini
458 504 596 542 cirrata
624 511 778 542 caterva
808 503 990 553 magistri,

198 583 271 608 nec
302 583 404 620 quae
433 569 657 619 Strymonio
687 570 737 607 de
766 583 880 619 grege
914 569 997 618 ripa
1026 575 1150 607 sonat.

146 649 246 686 quae
276 648 381 673 nunc
410 634 640 673 Thessalico
670 636 803 672 lunam
834 635 1030 673 deducere
1060 634 1239 679 rhombo,

199 714 300 750 quac
329 700 424 738 sciet
454 701 526 737 hos
556 699 641 737 illos
671 700 841 738 vendere
871 701 959 738 lena
989 701 1126 737 toros?
1438 713 1476 734 10

146 765 202 803 Sit
232 765 301 803 tibi
332 773 431 803 terra
451 764 545 803 levis
576 764 763 814 mollique
794 764 932 814 tegaris
962 766 1119 811 harena,

199 843 249 868 ne
278 837 345 867 tua
373 843 452 867 non
482 829 634 879 possint
663 843 796 868 eruere
826 843 914 868 ossa
943 843 1070 868 canes.

643 930 760 965 XXX

147 999 432 1049 Cappadocum
463 997 587 1036 saevis
616 997 810 1036 Antistius
840 997 986 1036 occidit
1015 997 1092 1036 oris

201 1063 398 1101 Rusticus.
458 1064 493 1102 O
523 1063 621 1101 tristi
650 1062 812 1101 crimine
842 1071 941 1101 terra
970 1065 1144 1101 nocens!

148 1127 315 1166 Rettulit
344 1141 432 1166 ossa
461 1127 548 1165 sinu
579 1127 656 1165 cari
687 1127 850 1178 Nigrina
879 1127 1006 1166 mariti

200 1200 238 1231 et
268 1200 406 1243 questa
434 1200 492 1231 est
520 1194 656 1243 longas
686 1206 767 1231 non
797 1192 888 1231 satis
918 1206 1003 1231 esse
1032 1192 1138 1237 vias3

147 1271 318 1308 cumque
347 1260 457 1296 daret
486 1266 662 1296 sanctam
693 1258 864 1305 tumulis,
897 1258 1040 1308 quibus
1072 1257 1233 1303 invidet,
1263 1269 1412 1302 urnam,
1462 1272 1477 1302 5

200 1323 281 1361 visa
310 1323 383 1361 sibi
413 1330 471 1361 est
500 1331 611 1374 rapto
641 1323 700 1361 bis
729 1323 889 1362 viduata
916 1323 1009 1361 viro.

630 1424 770 1460 XXXI

149 1495 252 1533 Cum
282 1506 416 1532 comes
446 1493 601 1531 Arctois
631 1494 806 1531 haereret
837 1493 1014 1532 Caesaris
1043 1492 1160 1530 armis

202 1558 350 1605 Velius,
382 1559 484 1596 hanc
515 1558 633 1596 Marti
663 1571 733 1608 pro
763 1559 865 1596 duce
894 1558 1000 1596 vovit
1029 1571 1141 1595 avem
1156 1572 1166 1605 3

149 1626 241 1662 luna
270 1630 408 1672 quater
436 1622 550 1661 binos
581 1637 661 1661 non
691 1630 773 1661 tota
802 1630 1002 1673 peregerat
1031 1623 1156 1670 orbes,

203 1688 337 1727 debita
365 1688 554 1738 poscebat
583 1688 660 1726 iam
691 1687 765 1726 sibi
793 1696 885 1726 vota
913 1689 1035 1726 deus:

150 1754 232 1803 ipse
262 1767 350 1791 suas
379 1766 494 1791 anser
521 1753 743 1803 properavit
772 1754 896 1791 laetus
925 1754 976 1791 ad
1004 1766 1089 1790 aras
1462 1767 1477 1797 5

204 1826 241 1856 et
271 1818 414 1857 cecidit
443 1818 587 1857 sanctis
617 1818 745 1857 hostia
773 1832 892 1869 parva
919 1818 1028 1856 focis.

151 1885 255 1922 Octo
284 1883 393 1922 vides
422 1885 557 1933 patulo
586 1885 760 1934 pendere
789 1883 1026 1922 nomismata
1054 1890 1178 1921 rostro

203 1948 336 1987 alitis?
369 1950 467 1987 haec
496 1949 592 1988 extis
622 1949 783 1988 condita
812 1963 936 1999 nuper
965 1955 1097 1987 erant:

153 2027 253 2063 quae
281 2014 366 2052 litat
393 2021 555 2063 argento
583 2028 654 2064 pro
684 2022 732 2061 te,
765 2028 846 2052 non
876 2013 1077 2063 sanguine,
1110 2014 1265 2059 Caesar,

206 2078 364 2117 victima
393 2078 470 2117 iam
500 2080 600 2117 ferro
630 2093 712 2118 non
742 2093 841 2130 opus
871 2092 956 2117 esse
986 2080 1114 2117 docet.
1443 2093 1479 2113 10

197 2193 216 2219 4
241 2187 292 2212 est
309 2181 339 2212 T
421 2184 442 2212 6
465 2182 620 2213 vincebat
639 2193 749 2222 neque
768 2187 789 2213 t.
806 2182 856 2212 CA
923 2183 1060 2221 serapin
1073 2182 1126 2212 BA
1143 2193 1150 2212 :
1175 2182 1309 2220 sarapin
1324 2180 1372 2211 CA
1463 2191 1478 2218 7

155 2225 298 2255 ministri
311 2224 366 2254 BA
497 2237 518 2266 9
541 2225 652 2256 tombo
673 2226 753 2265 <th-)
773 2236 850 2256 corr.
868 2225 1008 2256 rhombo
1027 2229 1064 2255 ul
1080 2225 1141 2255 vz'd.
1159 2224 1236 2255 BA:
1261 2223 1391 2254 rhombi
1411 2223 1459 2253 CA

198 2268 301 2298 XXX
325 2269 397 2300 lzab.
416 2269 446 2299 T
514 2278 534 2308 5
551 2270 632 2300 dare
645 2272 771 2300 sanctis
784 2269 833 2300 CA
892 2279 976 2300 urna
990 2269 1040 2299 CA
1114 2269 1134 2298 6
1152 2269 1202 2298 uis
1218 2268 1373 2298 uideatur
1388 2277 1417 2297 u.
1433 2266 1481 2297 CA

200 2311 318 2342 XXXI
343 2312 414 2342 lmb.
433 2312 461 2342 T
525 2323 539 2343 1
559 2313 713 2343 archadis
731 2312 897 2352 T(etfort.
913 2313 1006 2351 AA):
1032 2312 1134 2342 arctis
1146 2311 1202 2342 ΒΑ
1268 2322 1287 2341 2
1304 2311 1417 2341 verius
1432 2310 1480 2339 CA

157 2356 250 2385 nouit
268 2355 297 2384 T
309 2355 436 2393 (ctfort,
449 2354 522 2396 ΑΛ)
536 2356 590 2386 ΒΑ
679 2358 699 2386 6
722 2357 855 2395 hospita
871 2356 926 2386 BA
1016 2366 1033 2394 7
1058 2355 1172 2395 patula
1185 2354 1234 2385 CA
1321 2355 1341 2383 8
1366 2353 1440 2383 altis
1457 2353 1485 2382 Τ

157 2409 177 2437 9
202 2398 296 2429 litata
311 2397 366 2428 ΒΑ
384 2399 457 2438 (seq.
477 2399 514 2440 a)
650 2409 688 2430 10
711 2399 800 2430 ferre
819 2399 868 2430 CA
966 2400 1064 2430 decet
1082 2397 1175 2439 (EA)
1194 2397 1242 2428 vel
1257 2398 1356 2428 docet
1375 2397 1423 2427 CA
