1684 2763
278 134 332 169 M.
365 133 486 169 VAL.
520 133 831 171 MARTIALIS

276 242 465 289 horridus,
498 257 600 290 ecce,
633 251 745 282 sonat
776 246 925 283 Boreae
955 245 1119 284 stridore
1150 247 1394 285 December:
1578 265 1594 294 5

327 309 456 353 Stella,
490 308 586 359 tegis
616 309 758 356 villam,
790 323 870 348 non
900 310 996 360 tegis
1025 311 1245 361 agricolam.

780 404 980 440 XXXVII

276 482 389 519 Nosti
421 482 660 520 mortiferum
691 482 918 531 quaestoris,
952 483 1136 530 Castrice,
1169 483 1353 534 signum?

328 554 384 584 est
414 559 556 595 operae
585 546 752 596 pretium
783 548 932 585 discere
963 549 1069 586 theta
1099 561 1270 586 novum:

275 611 503 660 exprimeret
533 611 714 660 quotiens
743 620 938 650 rorantem
968 612 1107 661 frigore
1136 626 1286 659 nasum,

327 677 480 714 letalem
512 676 630 726 iuguli
661 676 823 714 iusserat
853 689 937 714 esse
967 685 1112 715 notam.

274 740 415 790 Turpis
444 742 494 778 ab
524 740 648 778 inviso
678 742 877 790 pendebat
907 741 1011 779 stiria
1040 755 1146 787 naso,
1579 760 1595 789 5

328 819 416 843 cum
448 807 555 844 flaret
585 805 744 844 madida
772 807 883 844 fauce
915 807 1137 845 December
1164 814 1298 845 atrox:

275 872 445 920 rollegae
475 879 634 909 tenuere
664 885 826 909 manus:
865 872 960 921 quid
990 874 1099 921 plura
1128 872 1322 922 requiris?

329 936 484 985 emungi
516 936 668 982 misero,
701 936 884 983 castrice,
917 950 997 975 non
1027 937 1145 975 licuit.

769 1043 993 1079 XXXVIII

276 1125 426 1160 'l‘antus
456 1136 496 1160 es
527 1131 563 1160 et
593 1122 678 1160 talis
709 1122 840 1169 nostri,
874 1124 1126 1172 Polypheme,
1159 1122 1289 1161 Severi

329 1195 369 1225 ut
400 1195 437 1226 te
467 1187 594 1224 mirari
624 1187 746 1236 possit
776 1195 814 1225 et
844 1187 926 1236 ipse
957 1188 1138 1237 Cyclops.

275 1253 343 1289 sed
375 1265 445 1290 nec
476 1253 603 1300 Scylla
632 1251 768 1290 minor.
828 1253 948 1301 Quod
979 1252 1009 1289 si
1040 1253 1119 1290 fera
1148 1259 1321 1289 monstra
1350 1252 1516 1289 duorum

329 1317 507 1356 iunxeris,
539 1316 694 1354 alterius
725 1317 790 1354 fiet
821 1324 984 1366 uterque
1014 1316 1139 1354 timor.

795 1427 973 1462 XXXIX

385 1502 592 1539 Discursus
621 1501 746 1539 varios
776 1515 996 1551 vagumque
1026 1515 1141 1539 mane

382 1574 419 1604 et
449 1568 568 1604 fastus
598 1574 635 1604 et
665 1567 763 1604 have
795 1566 1060 1616 potentiorum

381 1644 471 1669 cum
501 1632 668 1680 perferre
696 1631 855 1680 patique
886 1631 962 1668 iam
992 1637 1161 1680 negaret,

382 1695 511 1744 coepit
542 1696 686 1744 fingere
716 1695 872 1734 Caelius
903 1696 1129 1745 podagram.

381 1773 499 1810 quam
530 1761 624 1797 dum
655 1761 735 1797 volt
764 1760 879 1797 nimis
908 1760 1126 1809 adprobare
1156 1772 1284 1796 veram
1579 1774 1596 1805 5

381 1833 418 1863 et
447 1838 561 1862 sanas
590 1824 674 1861 linit
704 1824 928 1874 obligatque
958 1826 1109 1873 plantas

382 1889 606 1938 inceditque
634 1889 755 1938 gradu
785 1888 991 1933 laborioso,

380 1961 625 2002 ——quantum
656 1966 747 1990 cura
776 1960 905 2002 potest
934 1960 971 1990 et
1000 1966 1059 1990 ars
1090 1951 1235 1989 doloris
1255 1954 1315 1988 1—

381 2019 481 2056 desit
512 2019 655 2067 fingere
685 2017 841 2056 Caelius
870 2019 1094 2067 podagram.

319 2121 468 2152 XXXVI
494 2123 514 2151 6
538 2122 625 2151 stilla
647 2120 679 2152 T.

319 2165 486 2195 XXXVII
513 2164 583 2195 hal).
610 2164 652 2200 T;
675 2175 724 2194 vv.
744 2165 809 2203 5—6
831 2164 902 2195 hab.
923 2165 955 2194 R
1055 2174 1067 2193 1
1098 2163 1210 2193 Nostri
1233 2163 1262 2192 T
1389 2171 1408 2191 2
1432 2172 1520 2191 nouo
1548 2161 1595 2192 CA

276 2220 295 2247 3
319 2214 532 2247 expromeret
555 2208 598 2238 T:
623 2208 813 2280 ”ejifprintixerfe
832 2208 879 2280 O?
891 2212 932 2280 Ξῖ
948 2206 1044 2280 gissi-et
1060 2205 1595 2289 Pgssfndfflvgcriiitaffiltuirrgceibgg

275 2253 378 2324 293on
405 2253 426 2281 6
451 2251 858 2335 ssssrffiass‘sss‘s‘ssguslira
909 2262 1134 2323 kxexvnffi
1162 2293 1285 2322 nostris
1304 2292 1351 2322 (Ἃ
1434 2271 1594 2321 ’ΧΧΧΙΧ

280 2349 296 2368 r
318 2343 456 2368 martem
487 2338 534 2367 CA
562 2340 638 2377 (pro
663 2342 747 2376 mae,
775 2337 822 2367 zle.
850 2339 983 2376 mane2)
1140 2346 1158 2365 2
1183 2336 1310 2366 faustus
1338 2335 1385 2365 CA
1419 2336 1486 2373 (ιζε.
1514 2335 1592 2373 fas)

274 2391 291 2419 5
318 2382 387 2411 uult
404 2382 480 2410 dum
498 2381 551 2410 ΒΑ
683 2382 704 2410 6
727 2385 824 2411 sanat
842 2380 889 2410 CA
