1684 2763
221 153 478 192 EPIGRAM
486 154 687 193 MATON
718 155 821 193 LIB.
855 156 914 193 IX

218 264 391 303 adseruit
420 278 599 315 possessa
628 265 740 304 malis
769 266 918 305 Palatia
948 267 1089 317 regnis,

273 329 398 379 prima
426 344 498 370 suo
527 332 644 382 gessit
673 345 744 382 pro
775 333 870 370 Iove
900 333 1002 371 bella
1032 345 1127 382 puer
1144 347 1154 380 ,-

219 396 324 433 solus
355 397 485 434 Iuleas
515 410 605 435 cum
635 397 712 436 iam
742 397 924 436 retineret
954 398 1139 444 habenas,
1509 415 1546 446 15

273 460 432 499 tradidit
461 461 581 511 inque
610 476 682 501 suo
712 462 846 500 tertius
877 463 972 501 orbe
1001 463 1099 510 fuit3

220 537 367 563 cornua
396 527 599 565 Sarmatici
629 534 686 566 ter
715 528 864 576 perfida
893 527 1075 566 contudit
1111 527 1246 575 Histri,

273 592 481 629 sudantem
513 591 651 630 Getica
680 599 737 630 ter
766 592 855 630 nive
884 592 976 630 lavit
1006 605 1181 641 equum3

218 668 336 705 saepe
365 664 563 694 recusatos
593 669 732 706 parcus
763 656 920 695 duxisse
950 657 1170 707 triumphos

271 720 394 758 victor
424 721 686 770 Hyperboreo
715 734 862 759 nomen
891 722 942 759 ab
972 721 1066 760 orbe
1096 720 1183 759 tulit
1200 736 1210 769 ς
1508 739 1547 761 20

217 787 363 835 templa
391 785 486 832 deis,
518 799 646 823 mores
675 785 831 836 populis
860 786 981 833 dedit,
1013 785 1093 824 otia
1121 787 1231 833 ferro,

270 858 372 888 astra
401 850 494 898 suis,
523 852 633 889 caelo
663 850 800 898 sidera,
832 858 933 890 serta
963 851 1059 889 Iovi.

220 917 461 953 Herculeum
492 915 608 953 tantis
638 928 785 954 numen
816 930 896 954 non
927 915 1067 954 sufficit
1095 915 1215 954 actis:

270 980 439 1030 Tarpeio
469 982 566 1019 deus
595 981 660 1019 hic
688 983 917 1020 commodet
946 994 1014 1020 ora
1041 981 1150 1032 patri.

731 1081 810 1120 CII

218 1161 604 1210 Quadringentorum
635 1162 766 1200 reddis
796 1162 902 1208 mihi,
937 1163 1108 1209 Phoebe,
1141 1163 1328 1201 tabellas:

269 1234 427 1264 centum
458 1228 508 1265 da
538 1226 667 1276 potius
697 1235 846 1275 mutua,
876 1228 1047 1274 Phoebe,
1081 1227 1186 1265 mihi.

216 1305 359 1341 quaere
387 1291 506 1329 alium
538 1291 599 1329 cui
629 1299 667 1330 te
696 1299 774 1330 tam
805 1305 907 1330 vano
937 1305 1099 1330 munere
1128 1292 1266 1331 iactes:

270 1358 377 1406 quod
408 1356 476 1395 tibi
508 1370 587 1395 non
618 1370 778 1407 possum
810 1358 969 1404 solvere,
1004 1358 1176 1404 Phoebe,
1209 1371 1341 1396 meum
1371 1366 1440 1396 est.

717 1456 821 1495 CIII

216 1539 329 1585 Quae
359 1551 460 1576 nova
489 1545 567 1576 tam
599 1538 733 1576 similis
762 1537 896 1587 genuit
925 1537 995 1576 tibi
1027 1539 1136 1576 Leda
1166 1537 1393 1577 ministros?

268 1616 369 1651 quae
398 1610 512 1652 capta
541 1610 598 1640 est
627 1603 704 1641 alio
734 1604 841 1641 nuda
870 1604 1051 1641 Lacaena
1080 1605 1236 1652 cycno?

215 1668 280 1704 dat
310 1667 449 1705 faciem
481 1669 618 1705 Pollux
650 1667 786 1715 Hiero,
819 1669 885 1706 dat
916 1668 1055 1707 Castor
1084 1669 1221 1717 Asylo,

267 1739 384 1780 atque
414 1731 452 1769 in
483 1740 649 1782 utroque
678 1732 775 1771 nitet
804 1732 998 1782 Tyndaris
1027 1746 1093 1771 ore
1123 1745 1240 1771 soror.

214 1795 286 1833 ista
314 1796 582 1846 Therapnaeis
612 1797 643 1835 si
672 1798 797 1835 forma
826 1797 961 1835 fuisset
992 1797 1177 1846 Amyclis,
1524 1814 1540 1845 5

267 1873 357 1898 cum
389 1861 513 1899 vicere
543 1862 640 1899 duas
670 1863 777 1899 dona
805 1861 958 1900 minora
986 1863 1091 1908 deas,

215 1924 434 1972 mansisses,
468 1927 634 1973 Helene,
667 1926 954 1976 Phrygiamque
983 1926 1147 1965 redisset
1175 1925 1214 1963 in
1247 1927 1347 1964 Iden

268 1989 491 2028 Dardanius
520 1991 678 2040 gemino
709 2004 797 2029 cum
829 1992 1062 2040 Ganymede
1098 1991 1215 2029 Paris.

256 2087 301 2118 CI
329 2097 367 2126 13
390 2089 529 2119 adserut
549 2089 598 2119 CA
712 2098 749 2127 15
773 2089 869 2120 iulias
887 2089 933 2119 CA
1024 2090 1171 2120 harenas
1189 2087 1238 2119 CA
1351 2089 1390 2118 16
1413 2099 1471 2119 ore
1490 2088 1540 2119 CA

215 2140 253 2169 17
278 2135 330 2161 ter
345 2142 411 2160 om.
433 2131 482 2161 CA
556 2132 697 2171 perfidia
721 2132 769 2162 CA
858 2133 1008 2163 condidit
1025 2132 1074 2162 CA
1166 2132 1204 2161 18
1228 2131 1367 2172 equum]
1386 2141 1473 2171 aqua
1491 2131 1539 2162 CA

215 2184 255 2213 19
279 2178 392 2213 partos
411 2174 459 2204 CA
657 2186 699 2206 20
722 2177 762 2206 ab
780 2175 877 2216 orbe]
895 2176 957 2205 abe
976 2174 1026 2206 CA
1043 2175 1120 2214 (per
1133 2175 1298 2215 lzaplogr.)
1498 2185 1536 2205 21

213 2218 346 2257 populis
370 2218 446 2248 BA:
482 2218 609 2257 populo
635 2219 683 2249 CA
877 2229 919 2249 22
943 2218 1068 2258 templa
1084 2218 1138 2248 BA
1160 2219 1212 2259 <cf
1232 2229 1260 2250 v.
1280 2218 1357 2260 21):
1382 2222 1473 2249 serta
1490 2217 1539 2248 CA

213 2270 253 2299 23
278 2271 401 2291 nomen
419 2261 494 2291 BA:
519 2272 643 2292 numen
662 2262 710 2293 CA
813 2262 913 2292 astris
931 2261 979 2292 CA

256 2304 318 2334 CII
336 2315 410 2334 cum
424 2304 467 2335 CI
483 2305 577 2343 confl.
598 2305 647 2335 CA

255 2347 335 2378 CIII
362 2358 410 2378 vv.
434 2357 494 2386 1-4
512 2348 583 2378 luth.
609 2348 639 2378 T
765 2358 785 2386 3
811 2358 915 2387 puero
932 2347 981 2378 CA
1068 2347 1153 2378 asilo
1177 2347 1206 2378 T
1322 2356 1341 2386 5
1366 2346 1539 2387 peratneis

213 2389 260 2420 ίἋ
395 2401 412 2430 7
437 2391 601 2422 mansisse
619 2391 667 2421 CA
