1684 2763
216 141 272 177 M.
303 139 426 176 VAL.
459 137 772 176 MARTIALIS

214 251 314 289 inter
343 263 443 300 quae
472 249 545 288 rari
574 250 811 287 Laurentem
841 247 1026 299 ponderis
1059 261 1196 298 aprum
1522 264 1538 294 5

268 315 468 354 misimus:
505 316 648 354 Aetola
676 316 726 353 de
756 315 960 364 Calydone
988 321 1112 364 putes.

213 389 252 420 at
281 388 322 419 tu
352 380 541 419 continuo
570 381 842 431 populumque
871 387 1080 429 patresque
1108 378 1257 417 vocasti
1271 393 1281 426 3

266 453 392 484 ructat
420 447 551 484 adhuc
578 459 716 495 aprum
745 444 886 483 callida
916 446 1047 482 Roma
1075 457 1232 482 meum:

213 512 295 562 ipse
325 510 540 561 ego—quis
569 511 702 548 credat
717 509 954 548 ?——conviva
981 522 1055 547 nec
1083 508 1243 547 ultimus
1272 508 1391 554 haesi,

267 577 337 614 sed
367 589 440 614 nec
469 583 577 613 costa
606 575 698 613 data
726 582 784 612 est
813 574 988 611 caudave
1017 573 1136 611 missa
1164 573 1269 610 mihi.
1504 589 1543 610 10

217 644 277 679 De
307 642 524 691 quadrante
554 647 621 678 tuo
651 638 746 689 quid
776 652 939 688 sperem,
973 637 1160 676 Garrice?
1216 639 1334 676 Nulla

267 707 318 744 de
347 712 480 743 nostro
510 703 624 742 nobis
654 703 770 742 uncia
798 702 904 741 venit
932 716 1038 753 apro.

695 844 832 881 XLIX

217 935 329 972 Haec
359 940 417 971 est
446 932 510 970 illa
539 931 636 970 meis
666 932 833 968 multum
864 937 1020 968 cantata
1048 929 1199 976 libellis,

267 1012 385 1048 quam
416 1011 527 1035 meus
557 996 717 1035 edidicit
746 997 868 1034 lector
896 1003 1080 1045 amatque
1109 1003 1251 1045 togam.

217 1063 477 1102 Partheniana
506 1062 577 1100 fuit
607 1062 820 1111 quondam,
853 1059 1109 1099 memorabile
1138 1060 1236 1098 vatis

268 1142 437 1166 munus:
476 1127 514 1165 in
545 1128 618 1165 hac
648 1126 753 1164 ibam
784 1125 1088 1175 conspiciendus
1119 1138 1251 1174 eques,

215 1192 310 1229 dum
340 1204 452 1237 nova,
484 1191 579 1227 dum
610 1188 734 1227 nitida
763 1189 935 1237 fulgebat
965 1187 1173 1238 splendida
1202 1189 1300 1233 lana,
1524 1203 1540 1234 5

267 1257 443 1305 dumque
473 1262 553 1293 erat
581 1253 750 1292 auctoris
779 1252 941 1291 nomine
970 1252 1089 1302 digna
1117 1252 1202 1290 sui:

215 1334 320 1359 nunc
348 1334 447 1358 anus
477 1327 514 1358 et
544 1320 711 1357 tremulo
740 1317 802 1355 vix
830 1317 1061 1366 accipienda
1090 1317 1232 1363 tribuli,

267 1399 385 1436 quam
415 1384 540 1435 possis
570 1384 723 1422 niveam
753 1382 883 1421 dicere
912 1382 994 1420 iure
1023 1390 1102 1420 tuo.

215 1451 324 1500 Quid
353 1464 433 1488 non
464 1452 580 1499 longa
609 1449 703 1495 dica
736 1448 831 1498 quid
862 1461 941 1486 non
971 1447 1201 1486 consumitis
1230 1447 1351 1485 anni?

268 1517 365 1554 haec
395 1523 485 1565 toga
514 1514 590 1552 iam
622 1527 701 1551 non
732 1521 789 1551 est
820 1512 1091 1559 Partheniana,
1124 1526 1211 1551 mea
1240 1522 1307 1550 est.
1505 1527 1544 1550 10

750 1654 784 1690 L

217 1742 425 1793 Ingenium
456 1741 562 1787 mihi,
596 1742 735 1787 Gaure,
768 1741 911 1790 probas
941 1739 996 1778 sic
1025 1753 1110 1778 esse
1139 1739 1335 1789 pusillum,

270 1806 443 1845 carmina
472 1806 580 1855 quod
609 1805 749 1843 faciam
780 1818 881 1854 quac
910 1804 1099 1843 brevitate
1128 1806 1294 1854 placent.

217 1873 416 1911 confiteor.
482 1871 559 1908 Sed
589 1877 631 1908 tu
661 1869 720 1908 bis
751 1869 853 1907 senis
882 1869 1044 1919 grandia
1072 1868 1178 1906 libris

270 1936 337 1987 qui
366 1935 501 1974 scribis
532 1934 675 1972 Priami
704 1933 861 1984 proelia,
894 1947 1058 1983 magnus
1087 1935 1208 1972 homo
1238 1935 1311 1972 es?

216 2015 288 2041 nos
317 2001 480 2039 facimus
512 1999 620 2037 Bruti
650 2013 826 2050 puerum,
857 2012 929 2037 nos
959 2000 1149 2048 Langona
1177 1998 1334 2036 vivum:
1524 2015 1540 2046 5

270 2075 312 2105 tu
341 2079 506 2115 magnus
535 2066 697 2111 luteum,
729 2066 869 2110 Gaure,
903 2063 1071 2114 Giganta
1100 2063 1204 2102 facis.

260 2170 407 2220 XLVIII
433 2179 452 2208 5
476 2170 609 2199 interim
634 2179 664 2208 q.
691 2167 748 2199 BA
887 2169 908 2198 6
932 2172 1029 2207 putas
1054 2167 1101 2198 CA
1233 2169 1254 2198 8
1276 2166 1400 2207 pallida
1424 2166 1541 2198 Dousa

216 2226 236 2255 9
259 2213 420 2288 ἓζῗῗιὲξ
445 2267 476 2294 q.
496 2266 539 2287 m.
560 2255 674 2286 didicit
690 2254 743 2284 ΒΑ
764 2254 865 2295 (unde
880 2264 1047 2294 quamque
1064 2264 1106 2285 m.
1125 2254 1156 2286 d.
1168 2253 1243 2294 ΡΩ)
1342 2266 1362 2293 4
1385 2254 1540 2285 achinam

220 2302 265 2333 CA
282 2303 357 2342 (pro
373 2301 434 2330 hac
452 2299 551 2339 ibam)

263 2345 288 2375 L
312 2344 384 2374 lzab.
408 2344 437 2374 T
512 2353 526 2372 1
546 2342 651 2382 proba
671 2341 719 2372 CA
806 2351 826 2370 2
849 2340 960 2380 placet
979 2340 1027 2371 CA
1114 2350 1133 2379 3
1157 2340 1226 2371 Sed
1243 2346 1278 2372 tu
1295 2351 1362 2371 om.
1377 2339 1425 2371 CA
1487 2341 1540 2370 uis

219 2388 267 2419 CA
286 2388 319 2429 (i.
332 2399 356 2419 e.
376 2386 440 2427 bis)
531 2386 624 2417 senis
639 2384 750 2416 AACA
769 2396 776 2415 ε
800 2385 898 2415 denis
913 2384 968 2414 BA
1065 2393 1084 2423 5
1109 2385 1212 2415 facies
1231 2384 1262 2415 T
1343 2384 1480 2423 lingona
1492 2383 1538 2414 CA
