1684 2763
765 173 1234 212 EPIGRAMMATON
1268 175 1369 211 LIB.
1403 174 1502 211 XIV

584 285 746 321 LXXX.
780 285 957 322 Ferulae.

172 358 326 397 Invisae
356 359 522 397 nimium
553 359 682 409 pueris
710 368 925 411 grataeque
960 359 1163 409 magistris,

223 425 325 462 clara
355 425 592 462 Prometheo
623 438 785 463 munere
815 424 919 474 ligna
948 438 1096 463 sumus.

602 524 788 561 LXXXI.
823 524 939 561 Pera.

172 601 233 638 Ne
264 599 446 638 mendica
475 600 571 637 ferat
601 599 753 638 barbati
782 599 947 650 prandia
976 600 1072 638 nudi

223 663 393 702 dormiat
422 672 461 703 et
491 664 588 702 tristi
619 678 709 702 cum
740 679 849 713 cane,
883 679 975 715 pera
1005 673 1123 715 rogat.

586 764 758 800 LXXXI
766 765 795 801 Ι.
830 764 981 812 Scopae.

172 840 219 876 In
250 837 375 888 pretio
406 852 545 889 scopas
576 846 739 877 testatur
768 841 899 889 palma
928 839 1060 878 fuisse.

224 903 303 941 otia
332 904 403 942 sed
433 904 563 953 scopis
593 918 699 943 nunc
729 906 908 943 analecta
938 905 1062 943 dedit.

410 1003 643 1040 LXXXIII.
680 1004 937 1052 Scalptorium
967 1004 1149 1040 eboreum.

174 1079 371 1116 Defendet
402 1092 542 1116 manus
572 1080 669 1117 haec
699 1081 879 1129 scapulas
910 1080 1117 1117 mordente
1148 1079 1315 1116 molesto

224 1143 364 1192 pulice,
396 1145 456 1181 vel
486 1143 517 1181 si
547 1143 642 1194 quid
672 1144 801 1193 pulice
831 1144 1039 1182 sordidius.

549 1248 777 1285 LXXXIV.
807 1248 1012 1284 Manuale.

172 1323 235 1360 Ne
265 1330 355 1372 toga
386 1323 568 1361 barbatos
598 1323 714 1361 faciat
743 1324 804 1362 vel
834 1325 1002 1373 paenula
1023 1323 1153 1370 libros,

226 1389 322 1426 haec
351 1387 460 1426 abies
490 1388 633 1426 chartis
664 1396 842 1438 tempora
872 1390 988 1438 longa
1017 1388 1140 1426 dabit.

472 1493 673 1531 LXXXV.
704 1494 840 1531 Lectus
859 1495 1090 1542 pavoninus.

173 1567 349 1606 Nomina
379 1569 446 1607 dat
476 1571 653 1619 spondae
684 1569 798 1620 pictis
828 1569 1091 1620 pulcherrima
1120 1568 1250 1619 pinnis

227 1646 332 1670 nunc
364 1632 529 1671 Iunonis
557 1633 650 1681 avis,
683 1635 752 1672 sed
781 1634 888 1683 prius
918 1636 1045 1683 Argus
1075 1641 1166 1671 erat.

534 1728 758 1765 LXXXVI.
790 1728 1044 1777 Ephippium.

174 1803 350 1852 Stragula
380 1802 570 1841 succincti
599 1812 761 1842 venator
791 1817 902 1842 sume
932 1803 1091 1842 veredi:

228 1881 318 1905 nam
350 1869 449 1906 solet
477 1882 500 1906 a
529 1870 638 1907 nudo
669 1882 825 1919 surgere
856 1870 952 1907 ficus
983 1882 1099 1918 equo.

219 1965 351 1996 LXXX
376 1965 450 1998 hab.
473 1966 503 1997 T
545 1976 681 1997 FERVLA
707 1967 844 1998 AACA:
878 1976 1037 1998 FERVLAE
1061 1965 1115 1996 ΒΑ
1215 1975 1233 1995 2
1259 1974 1399 1995 munere
1416 1965 1506 2004 ligna

174 2008 308 2039 AACA3
335 2020 475 2040 munera
492 2010 594 2050 digna
611 2011 665 2041 BA

221 2052 368 2083 LXXXI
393 2053 466 2085 lzab.
502 2053 530 2083 T
614 2065 633 2084 2
658 2054 744 2085 tristi
772 2054 908 2085 AABA2
942 2054 1062 2085 tetrico
1092 2053 1138 2084 CA
1244 2057 1340 2092 rogat
1368 2052 1506 2082 AABA:

175 2101 271 2134 roget
289 2096 335 2126 CA

219 2138 387 2170 LXXXII
412 2140 487 2171 hab.
510 2139 539 2170 T
636 2151 656 2171 2
681 2141 748 2171 otia
765 2152 832 2172 om.
851 2140 899 2172 CA
989 2151 1057 2170 non
1074 2151 1158 2171 cana
1176 2139 1263 2170 lecta
1285 2139 1402 2179 T(pro
1419 2148 1505 2169 nunc

175 2183 219 2221 a.)
313 2183 405 2213 dedit
422 2184 479 2213 ΑΛ
497 2194 503 2214 :
528 2184 654 2215 dabunt
672 2184 779 2215 BACA
794 2196 801 2215 :
826 2185 917 2215 dabit
933 2183 1115 2216 Scm'verius

221 2225 407 2257 LXXXIII
425 2237 666 2258 SCALPTORIVM
685 2229 808 2268 (-ΑΡτ-)
824 2237 987 2258 EBOREVM
1001 2229 1055 2258 ΒΑ
1071 2240 1078 2258 z
1102 2235 1321 2258 SCALTORWM
1338 2226 1417 2266 (om.
1436 2234 1489 2255 ΕΒ.

179 2270 226 2301 CA
319 2280 330 2299 1
358 2271 497 2309 scapula
508 2270 562 2300 BA
651 2272 782 2302 moloso
800 2273 920 2312 stesso)
939 2271 994 2301 BA

221 2312 404 2343 LXXXIV
492 2324 511 2344 2
535 2315 607 2345 abis
622 2316 704 2346 artis
722 2315 770 2345 CA

220 2356 387 2387 LXXXV
433 2367 562 2389 PRVON.
581 2360 651 2399 (sic)
672 2359 718 2389 CA
737 2360 817 2398 (pro
834 2367 975 2396 PAVON„
990 2361 1008 2388 ι’.
1023 2369 1045 2389 e.
1064 2357 1267 2397 pavoninus}

221 2400 400 2431 LXXXVI
515 2411 527 2430 1
555 2403 695 2433 uerendi
714 2402 768 2432 BA
922 2413 941 2432 2
966 2403 1052 2433 solet
1069 2401 1105 2442 a]
1122 2401 1222 2431 solita
1239 2399 1291 2429 BA
1404 2397 1502 2437 ficus]

177 2454 280 2483 pecus
299 2443 345 2475 CA
