1684 2763
774 145 1241 183 EPIGRAMMA'I‘ON
1277 146 1377 182 LIB.
1411 145 1491 182 XII

164 257 233 295 tibi
260 257 310 294 ab
339 257 434 295 urbe
461 263 498 295 et
523 255 691 306 exigenti
722 254 1027 305 negarem—cui
1060 269 1137 292 non
1167 257 1290 293 resero
1319 255 1492 304 gratiam,

107 338 146 359 20
164 322 194 359 si
225 330 376 360 tantum
407 335 453 359 ea
482 329 637 372 praesto
664 334 765 371 quae
793 334 1020 370 possum—‚
1048 319 1219 370 inperavi
1255 320 1359 366 mihi,
1388 321 1494 369 quod

165 387 367 437 indulgere
388 400 632 432 consueram,
657 394 694 424 et
718 386 850 424 studui
876 385 1122 435 paucissimis
1150 385 1304 431 diebus,
1328 393 1369 422 ut
1391 385 1496 423 sami-

165 452 387 490 liarissimas
419 451 513 489 mihi
543 465 656 490 aures
687 459 772 490 tuas
794 451 1014 502 exciperem
1035 450 1264 489 adventoria
1294 463 1373 487 sua.
1433 451 1494 487 'l'u

165 517 280 555 velim
302 517 383 563 ista,
408 530 508 567 quae
529 525 681 555 tantum
702 518 809 567 apud
831 525 868 555 te
889 530 969 555 non
991 515 1268 566 periclitantur,
1292 514 1497 564 diligenter

165 582 370 620 aestimare
400 590 437 620 et
467 590 647 621 excutere
678 596 758 621 non
787 582 979 632 graveris;
1013 589 1062 628 et,
1085 582 1194 630 quod
1219 580 1289 618 tibi
1321 579 1498 618 difficilli-

108 659 144 691 25
169 661 274 686 mum
298 655 366 695 est,
385 649 434 686 de
451 647 563 697 nugis
577 647 718 685 nostris
735 647 884 686 iudices
902 647 1026 685 nitore
1043 645 1228 696 seposito,
1245 659 1293 683 ne
1312 647 1495 689 Romam,

166 712 197 750 si
228 712 281 750 ita
315 712 542 759 decreveris,
573 726 653 751 non
687 712 995 763 Hispaniensem
1027 712 1167 749 librum
1192 710 1404 756 mittamus,
1428 710 1497 747 sed

168 777 405 828 Hispanum.

715 855 733 891 I

168 934 282 974 Retia
311 936 406 973 dum
428 943 583 973 cessant
613 936 893 985 latratoresque
928 935 1093 973 Molossi

220 1007 258 1038 et
287 1014 367 1038 non
397 999 557 1038 invento
587 1000 681 1038 silva
711 1000 876 1050 quiescit
904 1014 1010 1050 apro,

167 1064 256 1112 otia,
289 1064 429 1111 Prisce,
461 1064 569 1103 brevi
598 1065 742 1115 poteris
773 1067 920 1103 donare
950 1065 1096 1103 libello.

222 1131 316 1168 hora
346 1143 419 1168 nec
448 1129 594 1168 aestiva
623 1137 681 1168 est
710 1144 783 1168 nec
814 1130 884 1169 tibi
914 1138 995 1168 tota
1025 1129 1133 1180 perit.

637 1246 678 1284 11
710 1245 813 1297 (111)

170 1328 233 1366 Ad
264 1329 431 1377 populos
462 1327 563 1365 mitti
593 1327 659 1377 qui
690 1341 814 1377 nuper
842 1328 892 1366 ab
923 1328 1018 1366 urbe
1048 1327 1214 1371 solebas,

222 1392 296 1431 ibis
326 1392 364 1430 io
395 1394 567 1431 Romam
598 1406 703 1430 nunc
733 1392 934 1442 peregrine
963 1392 1060 1430 liber

169 1457 321 1495 auriferi
351 1459 401 1496 de
430 1465 546 1507 gente
575 1457 673 1507 Tagi
704 1457 907 1507 tetricique
937 1457 1100 1502 Salonis,

224 1523 291 1561 dat
320 1522 465 1572 patrios
495 1536 630 1560 manes
660 1536 761 1572 quae
791 1522 887 1560 mihi
916 1530 1015 1560 terra
1044 1531 1195 1572 potens.

172 1602 251 1626 non
281 1596 413 1626 tamen
444 1589 588 1637 hospes
617 1587 690 1626 eris
721 1602 794 1626 nec
823 1587 900 1626 iarn
930 1596 1042 1638 potes
1072 1591 1226 1628 advena
1255 1589 1345 1635 dici,
1485 1605 1500 1635 5

225 1653 335 1691 cuius
365 1653 485 1691 habet
515 1654 649 1691 fratres
680 1660 737 1691 tot
767 1654 909 1691 domus
939 1655 1016 1691 alta
1047 1654 1175 1692 Remi.

172 1718 253 1756 iure
283 1725 352 1756 tuo
381 1719 605 1756 veneranda
634 1717 725 1755 novi
755 1725 844 1768 pete
874 1718 1009 1756 limina
1038 1719 1186 1769 templi,

226 1782 378 1821 reddita
408 1782 535 1820 Pierio
565 1790 655 1820 sunt
685 1781 753 1820 ubi
782 1783 929 1832 templa
958 1783 1092 1821 choro.

172 1847 233 1884 vel
263 1845 294 1884 si
323 1846 515 1893 malueris,
546 1845 671 1896 prima
700 1845 875 1896 gradiere
905 1846 1057 1884 Subura
1073 1862 1081 1893 ;

226 1910 322 1949 atria
350 1918 441 1949 sunt
470 1910 547 1949 illic
576 1911 748 1949 consulis
777 1912 855 1949 alta
885 1911 985 1949 mei:
1467 1926 1503 1949 10

220 2023 260 2053 19
285 2024 351 2044 non
370 2014 482 2044 refero
499 2013 598 2055 (EA)
615 2015 666 2044 vel
679 2014 790 2046 resero
803 2012 907 2055 (XV)
924 2015 971 2046 CA
1059 2025 1102 2046 20
1126 2026 1261 2055 possum
1273 2016 1327 2046 BA
1344 2027 1351 2046 :
1375 2016 1502 2056 possim

177 2056 227 2087 CA
298 2057 472 2096 imperabo
491 2057 540 2088 CA
563 2058 646 2098 (pro
662 2059 722 2096 -bi,
739 2059 758 2089 ι’.
775 2069 799 2089 e.
823 2059 886 2098 -vi)
975 2069 1015 2089 21
1042 2069 1285 2091 consueueram
1303 2060 1359 2089 ΒΑ
1463 2070 1502 2089 22

175 2100 373 2131 adventoria
391 2101 466 2141 sua]
491 2102 726 2132 aduentoriam
761 2101 809 2133 CA
914 2112 954 2140 23
978 2107 999 2132 t.
1021 2113 1089 2132 non
1108 2113 1138 2133 a.
1167 2109 1200 2134 te
1218 2114 1285 2133 non
1303 2103 1352 2134 CA
1462 2112 1502 2141 25

176 2144 295 2173 nidore
311 2143 367 2173 ΒΑ
478 2146 520 2174 26
544 2145 706 2176 decreue?
721 2145 755 2186 (τ’.
772 2156 794 2177 e.
814 2145 1023 2181 decreveris>
1038 2146 1087 2176 CA
1100 2147 1313 2185 (decreueris
1324 2145 1367 2185 X,
1388 2147 1501 2176 decre-

177 2196 237 2216 uer
259 2186 337 2225 EA,
380 2188 581 2219 decreuerer
596 2189 636 2229 F,
684 2189 869 2219 decreuero
885 2188 958 2228 BV,
993 2190 1216 2221 decreuerunt
1237 2191 1277 2229 C)
1382 2190 1503 2220 librum

176 2230 254 2260 BA:
278 2240 341 2260 om.
365 2230 414 2261 CA
718 2232 749 2262 ΙΙ
774 2243 824 2263 vv.
849 2232 1042 2270 17-18l1ab.
1069 2233 1099 2263 T
1229 2244 1242 2264 1
1271 2233 1414 2272 populos
1426 2232 1479 2262 BA
1499 2244 1505 2261 :

177 2273 338 2312 populum
354 2273 403 2303 CA
448 2275 546 2305 mittit
563 2275 611 2315 (E
622 2279 696 2306 ante
710 2286 788 2307 corr.
805 2276 855 2311 A)
872 2276 922 2306 vel
941 2275 1025 2306 mitti
1045 2276 1109 2316 (X)
1132 2276 1181 2307 CA
1279 2287 1298 2306 2
1324 2277 1354 2306 io
1371 2286 1436 2306 om.
1457 2275 1505 2306 CA

177 2328 195 2354 4
220 2327 337 2346 amnes
357 2327 442 2355 quos
465 2317 645 2348 Housman
672 2319 791 2355 (Class.
820 2320 899 2349 Rev.
931 2320 975 2350 iii.
1000 2321 1107 2358 200):
1145 2320 1247 2350 armis
1271 2329 1357 2358 quos
1383 2319 1506 2349 Gilbert

177 2370 263 2399 quae
279 2359 353 2391 BA:
379 2361 469 2399 quod
489 2361 538 2391 CA
592 2362 650 2392 tibi
666 2362 745 2392 BA:
770 2362 849 2392 mihi
868 2362 917 2392 CA
1030 2364 1051 2393 8
1075 2363 1146 2403 ubi]
1172 2364 1230 2393 tibi
1247 2363 1301 2393 BA
1362 2361 1503 2401 templa]

178 2408 267 2434 tecta
282 2402 442 2433 Heinsius
539 2404 637 2435 thoro
657 2405 705 2436 CA
724 2407 752 2446 <t
767 2411 827 2446 pro
843 2408 875 2446 c)
1025 2415 1063 2437 10
1088 2406 1152 2436 illic
1171 2406 1225 2435 BA
1241 2417 1247 2436 :
1273 2406 1364 2436 illinc
1385 2405 1433 2436 CA
1450 2405 1503 2445 gcf.

180 2446 299 2477 Gilbert
314 2447 346 2477 in
366 2447 451 2477 notis
467 2447 595 2488 criticis)
