<?xml version="1.0" encoding="UTF-8"?>
<!DOCTYPE html PUBLIC "-//W3C//DTD XHTML 1.0 Transitional//EN"
    "http://www.w3.org/TR/xhtml1/DTD/xhtml1-transitional.dtd">
<html xmlns="http://www.w3.org/1999/xhtml" xml:lang="en" lang="en">
 <head>
  <title>
</title>
<meta http-equiv="Content-Type" content="text/html;charset=utf-8" />
  <meta name='ocr-system' content='tesseract 3.04.00' />
  <meta name='ocr-capabilities' content='ocr_page ocr_carea ocr_par ocr_line ocrx_word'/>
</head>
<body>
  <div class='ocr_page' id='page_1' title='image "./epigrammatarecog00martuoft/epigrammatarecog00martuoft_0317.png"; bbox 0 0 1684 2763; ppageno 0'>
   <div class='ocr_carea' id='block_1_1' title="bbox 772 150 1445 190">
    <p class='ocr_par' dir='ltr' id='par_1_1' title="bbox 772 150 1445 190">
     <span class='ocr_line' id='line_1_1' title="bbox 772 150 1445 190; baseline 0.004 -2"><span class='ocrx_word' id='word_1_1' title='bbox 772 150 1240 190; x_wconf 80' lang='lat' dir='ltr'>EPIGRAMMATON</span> <span class='ocrx_word' id='word_1_2' title='bbox 1274 153 1376 190; x_wconf 81' lang='lat' dir='ltr'>LIB.</span> <span class='ocrx_word' id='word_1_3' title='bbox 1409 155 1445 190; x_wconf 94' lang='lat' dir='ltr'>X</span> 
     </span>
    </p>
   </div>
   <div class='ocr_carea' id='block_1_2' title="bbox 600 262 761 299">
    <p class='ocr_par' dir='ltr' id='par_1_2' title="bbox 600 262 761 299">
     <span class='ocr_line' id='line_1_2' title="bbox 600 262 761 299; baseline 0.006 -1"><span class='ocrx_word' id='word_1_4' title='bbox 600 262 761 299; x_wconf 90' lang='lat' dir='ltr'>XXVII</span> 
     </span>
    </p>
   </div>
   <div class='ocr_carea' id='block_1_3' title="bbox 117 341 1074 590">
    <p class='ocr_par' dir='ltr' id='par_1_3' title="bbox 118 341 1053 459">
     <span class='ocr_line' id='line_1_3' title="bbox 118 341 964 389; baseline -0.001 -7"><span class='ocrx_word' id='word_1_5' title='bbox 118 342 259 389; x_wconf 88' lang='lat' dir='ltr'><strong>Natali,</strong></span> <span class='ocrx_word' id='word_1_6' title='bbox 294 341 481 389; x_wconf 86' lang='lat' dir='ltr'><strong>Diodore,</strong></span> <span class='ocrx_word' id='word_1_7' title='bbox 514 349 582 381; x_wconf 90' lang='lat' dir='ltr'><strong>tuo</strong></span> <span class='ocrx_word' id='word_1_8' title='bbox 611 342 777 380; x_wconf 84' lang='lat' dir='ltr'><strong>conviva</strong></span> <span class='ocrx_word' id='word_1_9' title='bbox 806 351 964 381; x_wconf 79' lang='lat' dir='ltr'><strong>senatus</strong></span> 
     </span>
     <span class='ocr_line' id='line_1_4' title="bbox 169 407 1053 459; baseline 0 -13"><span class='ocrx_word' id='word_1_10' title='bbox 169 407 335 446; x_wconf 86' lang='lat' dir='ltr'><strong>accubat</strong></span> <span class='ocrx_word' id='word_1_11' title='bbox 365 414 402 446; x_wconf 90' lang='lat' dir='ltr'><strong>et</strong></span> <span class='ocrx_word' id='word_1_12' title='bbox 432 420 538 446; x_wconf 82' lang='lat' dir='ltr'><strong>rarus</strong></span> <span class='ocrx_word' id='word_1_13' title='bbox 568 421 648 446; x_wconf 91' lang='lat' dir='ltr'><strong>non</strong></span> <span class='ocrx_word' id='word_1_14' title='bbox 678 407 888 446; x_wconf 76' lang='lat' dir='ltr'>adhibetur</span> <span class='ocrx_word' id='word_1_15' title='bbox 921 422 1053 459; x_wconf 86' lang='lat' dir='ltr'><strong>eques,</strong></span> 
     </span>
    </p>

    <p class='ocr_par' dir='ltr' id='par_1_4' title="bbox 117 472 1074 590">
     <span class='ocr_line' id='line_1_5' title="bbox 117 472 1063 523; baseline 0 -11"><span class='ocrx_word' id='word_1_16' title='bbox 117 481 154 512; x_wconf 90' lang='lat' dir='ltr'><strong>et</strong></span> <span class='ocrx_word' id='word_1_17' title='bbox 184 480 250 511; x_wconf 85' lang='lat' dir='ltr'><strong>tua</strong></span> <span class='ocrx_word' id='word_1_18' title='bbox 280 472 448 511; x_wconf 85' lang='lat' dir='ltr'><strong>tricenos</strong></span> <span class='ocrx_word' id='word_1_19' title='bbox 478 472 635 522; x_wconf 83' lang='lat' dir='ltr'><strong>largitur</strong></span> <span class='ocrx_word' id='word_1_20' title='bbox 665 475 839 523; x_wconf 78' lang='lat' dir='ltr'>sportula</span> <span class='ocrx_word' id='word_1_21' title='bbox 868 487 1063 512; x_wconf 78' lang='lat' dir='ltr'>nummos.</span> 
     </span>
     <span class='ocr_line' id='line_1_6' title="bbox 172 538 1074 590; baseline 0.001 -14"><span class='ocrx_word' id='word_1_22' title='bbox 172 552 290 577; x_wconf 88' lang='lat' dir='ltr'><strong>nemo</strong></span> <span class='ocrx_word' id='word_1_23' title='bbox 321 546 453 577; x_wconf 84' lang='lat' dir='ltr'><strong>tamen</strong></span> <span class='ocrx_word' id='word_1_24' title='bbox 483 546 619 576; x_wconf 89' lang='lat' dir='ltr'><strong>natum</strong></span> <span class='ocrx_word' id='word_1_25' title='bbox 650 546 698 585; x_wconf 90' lang='lat' dir='ltr'><strong>te,</strong></span> <span class='ocrx_word' id='word_1_26' title='bbox 733 538 921 586; x_wconf 85' lang='lat' dir='ltr'><strong>Diodore‚</strong></span> <span class='ocrx_word' id='word_1_27' title='bbox 953 548 1074 590; x_wconf 89' lang='lat' dir='ltr'><strong>putat.</strong></span> 
     </span>
    </p>
   </div>
   <div class='ocr_carea' id='block_1_4' title="bbox 591 627 778 664">
    <p class='ocr_par' dir='ltr' id='par_1_5' title="bbox 591 627 778 664">
     <span class='ocr_line' id='line_1_7' title="bbox 591 627 778 664; baseline 0.005 -1"><span class='ocrx_word' id='word_1_28' title='bbox 591 627 778 664; x_wconf 93' lang='lat' dir='ltr'>XXVIII</span> 
     </span>
    </p>
   </div>
   <div class='ocr_carea' id='block_1_5' title="bbox 117 707 1447 1213">
    <p class='ocr_par' dir='ltr' id='par_1_6' title="bbox 117 707 1447 1213">
     <span class='ocr_line' id='line_1_8' title="bbox 118 707 1152 758; baseline 0.001 -13"><span class='ocrx_word' id='word_1_29' title='bbox 118 709 325 746; x_wconf 89' lang='lat' dir='ltr'><strong>Annorum</strong></span> <span class='ocrx_word' id='word_1_30' title='bbox 355 707 549 757; x_wconf 80' lang='lat' dir='ltr'><strong>nitidique</strong></span> <span class='ocrx_word' id='word_1_31' title='bbox 579 715 683 746; x_wconf 81' lang='lat' dir='ltr'><strong>sator</strong></span> <span class='ocrx_word' id='word_1_32' title='bbox 711 708 972 758; x_wconf 77' lang='lat' dir='ltr'><strong>pulcherrime</strong></span> <span class='ocrx_word' id='word_1_33' title='bbox 1003 708 1152 755; x_wconf 87' lang='lat' dir='ltr'><strong>mundi,</strong></span> 
     </span>
     <span class='ocr_line' id='line_1_9' title="bbox 170 772 1222 824; baseline 0.002 -14"><span class='ocrx_word' id='word_1_34' title='bbox 170 772 329 823; x_wconf 85' lang='lat' dir='ltr'><strong>publica</strong></span> <span class='ocrx_word' id='word_1_35' title='bbox 359 787 477 823; x_wconf 85' lang='lat' dir='ltr'><strong>quem</strong></span> <span class='ocrx_word' id='word_1_36' title='bbox 508 773 676 823; x_wconf 89' lang='lat' dir='ltr'><strong>primum</strong></span> <span class='ocrx_word' id='word_1_37' title='bbox 706 782 797 812; x_wconf 86' lang='lat' dir='ltr'><strong>vota</strong></span> <span class='ocrx_word' id='word_1_38' title='bbox 825 787 1039 824; x_wconf 78' lang='lat' dir='ltr'><strong>precesque</strong></span> <span class='ocrx_word' id='word_1_39' title='bbox 1068 782 1222 820; x_wconf 85' lang='lat' dir='ltr'><strong>vocant,</strong></span> 
     </span>
     <span class='ocr_line' id='line_1_10' title="bbox 117 837 1016 888; baseline 0 -12"><span class='ocrx_word' id='word_1_40' title='bbox 117 838 271 888; x_wconf 85' lang='lat' dir='ltr'><strong>pervius</strong></span> <span class='ocrx_word' id='word_1_41' title='bbox 300 838 459 887; x_wconf 81' lang='lat' dir='ltr'><strong>exiguos</strong></span> <span class='ocrx_word' id='word_1_42' title='bbox 488 837 694 876; x_wconf 79' lang='lat' dir='ltr'>habitabas</span> <span class='ocrx_word' id='word_1_43' title='bbox 723 846 814 877; x_wconf 86' lang='lat' dir='ltr'><strong>ante</strong></span> <span class='ocrx_word' id='word_1_44' title='bbox 842 846 1016 888; x_wconf 87' lang='lat' dir='ltr'><strong>penates,</strong></span> 
     </span>
     <span class='ocr_line' id='line_1_11' title="bbox 171 902 1115 952; baseline 0.001 -12"><span class='ocrx_word' id='word_1_45' title='bbox 171 902 338 952; x_wconf 86' lang='lat' dir='ltr'><strong>plurima</strong></span> <span class='ocrx_word' id='word_1_46' title='bbox 367 916 445 952; x_wconf 85' lang='lat' dir='ltr'><strong>qua</strong></span> <span class='ocrx_word' id='word_1_47' title='bbox 475 903 651 941; x_wconf 88' lang='lat' dir='ltr'><strong>medium</strong></span> <span class='ocrx_word' id='word_1_48' title='bbox 683 905 812 941; x_wconf 88' lang='lat' dir='ltr'><strong>Roma</strong></span> <span class='ocrx_word' id='word_1_49' title='bbox 843 905 992 942; x_wconf 85' lang='lat' dir='ltr'><strong>terebat</strong></span> <span class='ocrx_word' id='word_1_50' title='bbox 1022 903 1115 941; x_wconf 89' lang='lat' dir='ltr'><strong>iter:</strong></span> 
     </span>
     <span class='ocr_line' id='line_1_12' title="bbox 118 967 1447 1017; baseline 0.002 -13"><span class='ocrx_word' id='word_1_51' title='bbox 118 981 223 1005; x_wconf 87' lang='lat' dir='ltr'><strong>nunc</strong></span> <span class='ocrx_word' id='word_1_52' title='bbox 253 975 320 1005; x_wconf 90' lang='lat' dir='ltr'><strong>tua</strong></span> <span class='ocrx_word' id='word_1_53' title='bbox 350 967 551 1007; x_wconf 76' lang='lat' dir='ltr'><strong>Caesareis</strong></span> <span class='ocrx_word' id='word_1_54' title='bbox 581 967 790 1017; x_wconf 80' lang='lat' dir='ltr'><strong>cinguntur</strong></span> <span class='ocrx_word' id='word_1_55' title='bbox 818 968 955 1006; x_wconf 88' lang='lat' dir='ltr'><strong>limina</strong></span> <span class='ocrx_word' id='word_1_56' title='bbox 984 968 1100 1007; x_wconf 85' lang='lat' dir='ltr'><strong>donis</strong></span> <span class='ocrx_word' id='word_1_57' title='bbox 1432 987 1447 1017; x_wconf 75' lang='lat'><em>5</em></span> 
     </span>
     <span class='ocr_line' id='line_1_13' title="bbox 172 1033 1138 1083; baseline 0.001 -13"><span class='ocrx_word' id='word_1_58' title='bbox 172 1040 210 1071; x_wconf 88' lang='lat' dir='ltr'><strong>et</strong></span> <span class='ocrx_word' id='word_1_59' title='bbox 240 1034 322 1071; x_wconf 88' lang='lat' dir='ltr'><strong>fora</strong></span> <span class='ocrx_word' id='word_1_60' title='bbox 352 1040 409 1071; x_wconf 89' lang='lat' dir='ltr'><strong>tot</strong></span> <span class='ocrx_word' id='word_1_61' title='bbox 438 1046 632 1080; x_wconf 82' lang='lat' dir='ltr'><strong>numeras,</strong></span> <span class='ocrx_word' id='word_1_62' title='bbox 666 1035 773 1080; x_wconf 74' lang='lat' dir='ltr'><strong>Iane,</strong></span> <span class='ocrx_word' id='word_1_63' title='bbox 806 1041 902 1083; x_wconf 84' lang='lat' dir='ltr'><strong>quot</strong></span> <span class='ocrx_word' id='word_1_64' title='bbox 933 1046 999 1072; x_wconf 90' lang='lat' dir='ltr'><strong>ora</strong></span> <span class='ocrx_word' id='word_1_65' title='bbox 1028 1033 1138 1083; x_wconf 80' lang='lat' dir='ltr'><strong>geris.</strong></span> 
     </span>
     <span class='ocr_line' id='line_1_14' title="bbox 118 1105 1156 1148; baseline 0.001 -13"><span class='ocrx_word' id='word_1_66' title='bbox 118 1105 156 1136; x_wconf 90' lang='lat' dir='ltr'><strong>at</strong></span> <span class='ocrx_word' id='word_1_67' title='bbox 186 1105 238 1144; x_wconf 88' lang='lat' dir='ltr'><strong>tu,</strong></span> <span class='ocrx_word' id='word_1_68' title='bbox 270 1106 404 1136; x_wconf 86' lang='lat' dir='ltr'><strong>sancte</strong></span> <span class='ocrx_word' id='word_1_69' title='bbox 434 1105 552 1148; x_wconf 85' lang='lat' dir='ltr'><strong>pater,</strong></span> <span class='ocrx_word' id='word_1_70' title='bbox 585 1105 694 1136; x_wconf 87' lang='lat' dir='ltr'><strong>tanto</strong></span> <span class='ocrx_word' id='word_1_71' title='bbox 724 1111 794 1148; x_wconf 88' lang='lat' dir='ltr'><strong>pro</strong></span> <span class='ocrx_word' id='word_1_72' title='bbox 825 1111 986 1137; x_wconf 88' lang='lat' dir='ltr'><strong>munere</strong></span> <span class='ocrx_word' id='word_1_73' title='bbox 1015 1106 1156 1148; x_wconf 83' lang='lat' dir='ltr'><strong>gratus,</strong></span> 
     </span>
     <span class='ocr_line' id='line_1_15' title="bbox 171 1164 966 1213; baseline 0.001 -13"><span class='ocrx_word' id='word_1_74' title='bbox 171 1164 293 1201; x_wconf 89' lang='lat' dir='ltr'><strong>ferrea</strong></span> <span class='ocrx_word' id='word_1_75' title='bbox 321 1170 509 1213; x_wconf 83' lang='lat' dir='ltr'><strong>perpetua</strong></span> <span class='ocrx_word' id='word_1_76' title='bbox 537 1164 705 1201; x_wconf 86' lang='lat' dir='ltr'><strong>claustra</strong></span> <span class='ocrx_word' id='word_1_77' title='bbox 734 1170 842 1201; x_wconf 89' lang='lat' dir='ltr'><strong>tuere</strong></span> <span class='ocrx_word' id='word_1_78' title='bbox 871 1176 966 1201; x_wconf 87' lang='lat' dir='ltr'><strong>sera.</strong></span> 
     </span>
    </p>
   </div>
   <div class='ocr_carea' id='block_1_6' title="bbox 620 1262 760 1299">
    <p class='ocr_par' dir='ltr' id='par_1_7' title="bbox 620 1262 760 1299">
     <span class='ocr_line' id='line_1_16' title="bbox 620 1262 760 1299; baseline 0 0"><span class='ocrx_word' id='word_1_79' title='bbox 620 1262 760 1299; x_wconf 89' lang='lat' dir='ltr'>XXIX</span> 
     </span>
    </p>
   </div>
   <div class='ocr_carea' id='block_1_7' title="bbox 120 1342 1452 1711">
    <p class='ocr_par' dir='ltr' id='par_1_8' title="bbox 120 1342 1178 1456">
     <span class='ocr_line' id='line_1_17' title="bbox 120 1342 1178 1393; baseline 0 -13"><span class='ocrx_word' id='word_1_80' title='bbox 120 1345 252 1392; x_wconf 85' lang='lat' dir='ltr'><strong>Quam</strong></span> <span class='ocrx_word' id='word_1_81' title='bbox 282 1342 378 1380; x_wconf 85' lang='lat' dir='ltr'><strong>mihi</strong></span> <span class='ocrx_word' id='word_1_82' title='bbox 408 1343 591 1382; x_wconf 79' lang='lat' dir='ltr'><strong>mittebas</strong></span> <span class='ocrx_word' id='word_1_83' title='bbox 621 1342 777 1381; x_wconf 84' lang='lat' dir='ltr'><strong>Saturni</strong></span> <span class='ocrx_word' id='word_1_84' title='bbox 807 1350 984 1393; x_wconf 88' lang='lat' dir='ltr'><strong>tempore</strong></span> <span class='ocrx_word' id='word_1_85' title='bbox 1014 1344 1178 1389; x_wconf 87' lang='lat' dir='ltr'><strong>lancem,</strong></span> 
     </span>
     <span class='ocr_line' id='line_1_18' title="bbox 173 1407 935 1456; baseline 0 -11"><span class='ocrx_word' id='word_1_86' title='bbox 173 1407 311 1446; x_wconf 86' lang='lat' dir='ltr'><strong>misisti</strong></span> <span class='ocrx_word' id='word_1_87' title='bbox 340 1408 537 1456; x_wconf 89' lang='lat' dir='ltr'><strong>dominae,</strong></span> <span class='ocrx_word' id='word_1_88' title='bbox 569 1407 789 1454; x_wconf 79' lang='lat' dir='ltr'><strong>Sextiliane,</strong></span> <span class='ocrx_word' id='word_1_89' title='bbox 822 1415 935 1455; x_wconf 79' lang='lat' dir='ltr'><strong>tuae3</strong></span> 
     </span>
    </p>

    <p class='ocr_par' dir='ltr' id='par_1_9' title="bbox 120 1472 1168 1585">
     <span class='ocr_line' id='line_1_19' title="bbox 120 1472 1110 1522; baseline -0.001 -11"><span class='ocrx_word' id='word_1_90' title='bbox 120 1481 158 1511; x_wconf 90' lang='lat' dir='ltr'><strong>et</strong></span> <span class='ocrx_word' id='word_1_91' title='bbox 187 1486 306 1522; x_wconf 83' lang='lat' dir='ltr'><strong>quam</strong></span> <span class='ocrx_word' id='word_1_92' title='bbox 337 1474 515 1511; x_wconf 81' lang='lat' dir='ltr'><strong>donabas</strong></span> <span class='ocrx_word' id='word_1_93' title='bbox 546 1472 660 1511; x_wconf 82' lang='lat' dir='ltr'><strong>dictis</strong></span> <span class='ocrx_word' id='word_1_94' title='bbox 689 1486 712 1510; x_wconf 93' lang='lat' dir='ltr'><strong>a</strong></span> <span class='ocrx_word' id='word_1_95' title='bbox 744 1474 871 1510; x_wconf 89' lang='lat' dir='ltr'><strong>Marte</strong></span> <span class='ocrx_word' id='word_1_96' title='bbox 903 1472 1110 1520; x_wconf 82' lang='lat' dir='ltr'><strong>Kalendis,</strong></span> 
     </span>
     <span class='ocr_line' id='line_1_20' title="bbox 173 1533 1168 1585; baseline -0.001 -13"><span class='ocrx_word' id='word_1_97' title='bbox 173 1536 224 1573; x_wconf 89' lang='lat' dir='ltr'><strong>de</strong></span> <span class='ocrx_word' id='word_1_98' title='bbox 253 1542 386 1573; x_wconf 90' lang='lat' dir='ltr'><strong>nostra</strong></span> <span class='ocrx_word' id='word_1_99' title='bbox 414 1534 569 1585; x_wconf 81' lang='lat' dir='ltr'><strong>prasina</strong></span> <span class='ocrx_word' id='word_1_100' title='bbox 597 1542 656 1572; x_wconf 86' lang='lat' dir='ltr'><strong>est</strong></span> <span class='ocrx_word' id='word_1_101' title='bbox 685 1533 878 1583; x_wconf 84' lang='lat' dir='ltr'><strong>synthesis</strong></span> <span class='ocrx_word' id='word_1_102' title='bbox 908 1541 1040 1584; x_wconf 90' lang='lat' dir='ltr'><strong>empta</strong></span> <span class='ocrx_word' id='word_1_103' title='bbox 1069 1542 1168 1584; x_wconf 84' lang='lat' dir='ltr'><strong>toga.</strong></span> 
     </span>
    </p>

    <p class='ocr_par' dir='ltr' id='par_1_10' title="bbox 120 1599 1452 1711">
     <span class='ocr_line' id='line_1_21' title="bbox 120 1599 1452 1650; baseline -0.001 -13"><span class='ocrx_word' id='word_1_104' title='bbox 120 1599 197 1637; x_wconf 89' lang='lat' dir='ltr'><strong>iam</strong></span> <span class='ocrx_word' id='word_1_105' title='bbox 228 1609 407 1638; x_wconf 80' lang='lat' dir='ltr'><strong>constare</strong></span> <span class='ocrx_word' id='word_1_106' title='bbox 437 1599 507 1638; x_wconf 88' lang='lat' dir='ltr'><strong>tibi</strong></span> <span class='ocrx_word' id='word_1_107' title='bbox 535 1599 651 1650; x_wconf 81' lang='lat' dir='ltr'><strong>gratis</strong></span> <span class='ocrx_word' id='word_1_108' title='bbox 681 1612 847 1649; x_wconf 85' lang='lat' dir='ltr'><strong>coepere</strong></span> <span class='ocrx_word' id='word_1_109' title='bbox 876 1600 1052 1648; x_wconf 88' lang='lat' dir='ltr'><strong>puellae:</strong></span> <span class='ocrx_word' id='word_1_110' title='bbox 1436 1616 1452 1646; x_wconf 78' lang='lat'>5</span> 
     </span>
     <span class='ocr_line' id='line_1_22' title="bbox 175 1663 954 1711; baseline 0.001 -10"><span class='ocrx_word' id='word_1_111' title='bbox 175 1664 402 1703; x_wconf 82' lang='lat' dir='ltr'><strong>muneribus</strong></span> <span class='ocrx_word' id='word_1_112' title='bbox 432 1664 562 1711; x_wconf 85' lang='lat' dir='ltr'><strong>futuis,</strong></span> <span class='ocrx_word' id='word_1_113' title='bbox 593 1663 814 1710; x_wconf 80' lang='lat' dir='ltr'><strong>Sextiliane‚</strong></span> <span class='ocrx_word' id='word_1_114' title='bbox 846 1663 954 1702; x_wconf 87' lang='lat' dir='ltr'><strong>meis.</strong></span> 
     </span>
    </p>
   </div>
   <div class='ocr_carea' id='block_1_8' title="bbox 122 1763 997 1959">
    <p class='ocr_par' dir='ltr' id='par_1_11' title="bbox 122 1763 997 1959">
     <span class='ocr_line' id='line_1_23' title="bbox 631 1763 748 1799; baseline 0 0"><span class='ocrx_word' id='word_1_115' title='bbox 631 1763 748 1799; x_wconf 89' lang='lat' dir='ltr'><strong>XXX</strong></span> 
     </span>
     <span class='ocr_line' id='line_1_24' title="bbox 122 1843 913 1894; baseline -0.004 -10"><span class='ocrx_word' id='word_1_116' title='bbox 122 1845 158 1884; x_wconf 87' lang='lat' dir='ltr'>O</span> <span class='ocrx_word' id='word_1_117' title='bbox 188 1852 426 1894; x_wconf 87' lang='lat' dir='ltr'><strong>temperatae</strong></span> <span class='ocrx_word' id='word_1_118' title='bbox 456 1845 572 1883; x_wconf 86' lang='lat' dir='ltr'><strong>dulce</strong></span> <span class='ocrx_word' id='word_1_119' title='bbox 602 1843 782 1882; x_wconf 89' lang='lat' dir='ltr'><strong>Formiae</strong></span> <span class='ocrx_word' id='word_1_120' title='bbox 812 1843 913 1891; x_wconf 86' lang='lat' dir='ltr'><strong>litus,</strong></span> 
     </span>
     <span class='ocr_line' id='line_1_25' title="bbox 122 1908 997 1959; baseline -0.001 -12"><span class='ocrx_word' id='word_1_121' title='bbox 122 1923 202 1957; x_wconf 88' lang='lat' dir='ltr'><strong>vos,</strong></span> <span class='ocrx_word' id='word_1_122' title='bbox 234 1922 325 1947; x_wconf 90' lang='lat' dir='ltr'><strong>cum</strong></span> <span class='ocrx_word' id='word_1_123' title='bbox 355 1909 478 1948; x_wconf 86' lang='lat' dir='ltr'><strong>severi</strong></span> <span class='ocrx_word' id='word_1_124' title='bbox 507 1909 604 1958; x_wconf 87' lang='lat' dir='ltr'><strong>fugit</strong></span> <span class='ocrx_word' id='word_1_125' title='bbox 634 1908 827 1959; x_wconf 89' lang='lat' dir='ltr'><strong>oppidum</strong></span> <span class='ocrx_word' id='word_1_126' title='bbox 859 1908 997 1947; x_wconf 82' lang='lat' dir='ltr'><strong>Martis</strong></span> 
     </span>
    </p>
   </div>
   <div class='ocr_carea' id='block_1_9' title="bbox 122 1973 909 2089">
    <p class='ocr_par' dir='ltr' id='par_1_12' title="bbox 122 1973 909 2089">
     <span class='ocr_line' id='line_1_26' title="bbox 122 1973 825 2024; baseline 0 -12"><span class='ocrx_word' id='word_1_127' title='bbox 122 1982 160 2013; x_wconf 89' lang='lat' dir='ltr'><strong>et</strong></span> <span class='ocrx_word' id='word_1_128' title='bbox 189 1974 383 2024; x_wconf 86' lang='lat' dir='ltr'><strong>inquietas</strong></span> <span class='ocrx_word' id='word_1_129' title='bbox 414 1975 538 2012; x_wconf 88' lang='lat' dir='ltr'><strong>fessus</strong></span> <span class='ocrx_word' id='word_1_130' title='bbox 568 1973 674 2012; x_wconf 81' lang='lat' dir='ltr'><strong>exuit</strong></span> <span class='ocrx_word' id='word_1_131' title='bbox 703 1987 825 2021; x_wconf 83' lang='lat' dir='ltr'><strong>curas,</strong></span> 
     </span>
     <span class='ocr_line' id='line_1_27' title="bbox 123 2038 909 2089; baseline -0.001 -12"><span class='ocrx_word' id='word_1_132' title='bbox 123 2038 361 2089; x_wconf 82' lang='lat' dir='ltr'><strong>Apollinaris</strong></span> <span class='ocrx_word' id='word_1_133' title='bbox 391 2038 576 2077; x_wconf 90' lang='lat' dir='ltr'><strong>omnibus</strong></span> <span class='ocrx_word' id='word_1_134' title='bbox 606 2038 702 2077; x_wconf 86' lang='lat' dir='ltr'><strong>locis</strong></span> <span class='ocrx_word' id='word_1_135' title='bbox 732 2039 909 2089; x_wconf 89' lang='lat' dir='ltr'><strong>praefert.</strong></span> 
     </span>
    </p>
   </div>
   <div class='ocr_carea' id='block_1_10' title="bbox 124 2141 1454 2441">
    <p class='ocr_par' dir='ltr' id='par_1_13' title="bbox 124 2141 1454 2224">
     <span class='ocr_line' id='line_1_28' title="bbox 166 2141 1454 2182; baseline -0.002 -10"><span class='ocrx_word' id='word_1_136' title='bbox 166 2141 299 2172; x_wconf 85' lang='lat' dir='ltr'>XXVII</span> <span class='ocrx_word' id='word_1_137' title='bbox 323 2141 396 2172; x_wconf 78' lang='lat' dir='ltr'><strong>lmb.</strong></span> <span class='ocrx_word' id='word_1_138' title='bbox 422 2142 452 2173; x_wconf 90' lang='lat' dir='ltr'><em>T</em></span> <span class='ocrx_word' id='word_1_139' title='bbox 604 2152 618 2172; x_wconf 92' lang='lat'>1</span> <span class='ocrx_word' id='word_1_140' title='bbox 645 2141 778 2172; x_wconf 88' lang='lat' dir='ltr'><strong>diodori</strong></span> <span class='ocrx_word' id='word_1_141' title='bbox 803 2142 851 2172; x_wconf 82' lang='lat' dir='ltr'><strong>CA</strong></span> <span class='ocrx_word' id='word_1_142' title='bbox 951 2151 1013 2172; x_wconf 81' lang='lat' dir='ltr'><strong>suo</strong></span> <span class='ocrx_word' id='word_1_143' title='bbox 1039 2141 1087 2173; x_wconf 80' lang='lat' dir='ltr'><strong>CA</strong></span> <span class='ocrx_word' id='word_1_144' title='bbox 1233 2150 1253 2180; x_wconf 83' lang='lat'>3</span> <span class='ocrx_word' id='word_1_145' title='bbox 1278 2146 1311 2171; x_wconf 89' lang='lat' dir='ltr'><strong>at</strong></span> <span class='ocrx_word' id='word_1_146' title='bbox 1339 2141 1454 2182; x_wconf 51' lang='grc' dir='ltr'><strong>Τῳιυ</strong></span> 
     </span>
     <span class='ocr_line' id='line_1_29' title="bbox 124 2185 735 2224; baseline 0.002 -9"><span class='ocrx_word' id='word_1_147' title='bbox 124 2196 161 2216; x_wconf 85' lang='lat' dir='ltr'><strong>ac</strong></span> <span class='ocrx_word' id='word_1_148' title='bbox 176 2185 200 2223; x_wconf 76' lang='lat'><strong>2)</strong></span> <span class='ocrx_word' id='word_1_149' title='bbox 222 2197 228 2214; x_wconf 91' lang='lat'>:</span> <span class='ocrx_word' id='word_1_150' title='bbox 252 2190 285 2216; x_wconf 85' lang='lat' dir='ltr'><strong>et</strong></span> <span class='ocrx_word' id='word_1_151' title='bbox 301 2185 408 2216; x_wconf 67' lang='lat' dir='ltr'>BACA</span> <span class='ocrx_word' id='word_1_152' title='bbox 540 2196 559 2223; x_wconf 89' lang='lat'>4</span> <span class='ocrx_word' id='word_1_153' title='bbox 582 2185 630 2224; x_wconf 81' lang='lat' dir='ltr'><strong>te]</strong></span> <span class='ocrx_word' id='word_1_154' title='bbox 650 2195 668 2215; x_wconf 88' lang='lat' dir='ltr'><strong>e</strong></span> <span class='ocrx_word' id='word_1_155' title='bbox 688 2185 735 2216; x_wconf 66' lang='lat' dir='ltr'><strong>CA</strong></span> 
     </span>
    </p>

    <p class='ocr_par' dir='ltr' id='par_1_14' title="bbox 124 2227 1452 2311">
     <span class='ocr_line' id='line_1_30' title="bbox 168 2227 1452 2269; baseline -0.001 -11"><span class='ocrx_word' id='word_1_156' title='bbox 168 2228 318 2258; x_wconf 92' lang='lat' dir='ltr'>XXVIII</span> <span class='ocrx_word' id='word_1_157' title='bbox 344 2238 363 2257; x_wconf 89' lang='lat'><em>2</em></span> <span class='ocrx_word' id='word_1_158' title='bbox 386 2238 452 2268; x_wconf 89' lang='lat' dir='ltr'><strong>que</strong></span> <span class='ocrx_word' id='word_1_159' title='bbox 472 2228 519 2259; x_wconf 73' lang='lat' dir='ltr'><strong>CA</strong></span> <span class='ocrx_word' id='word_1_160' title='bbox 538 2232 573 2258; x_wconf 85' lang='lat' dir='ltr'><strong>nt</strong></span> <span class='ocrx_word' id='word_1_161' title='bbox 588 2228 652 2259; x_wconf 83' lang='lat' dir='ltr'><strong>vid.</strong></span> <span class='ocrx_word' id='word_1_162' title='bbox 755 2240 775 2268; x_wconf 90' lang='lat'><strong>3</strong></span> <span class='ocrx_word' id='word_1_163' title='bbox 800 2229 936 2268; x_wconf 83' lang='lat' dir='ltr'><strong>peruius</strong></span> <span class='ocrx_word' id='word_1_164' title='bbox 951 2228 1025 2260; x_wconf 79' lang='lat' dir='ltr'><strong>Ital.</strong></span> <span class='ocrx_word' id='word_1_165' title='bbox 1043 2239 1050 2259; x_wconf 87' lang='lat'>:</span> <span class='ocrx_word' id='word_1_166' title='bbox 1074 2228 1229 2267; x_wconf 82' lang='lat' dir='ltr'><strong>praevius</strong></span> <span class='ocrx_word' id='word_1_167' title='bbox 1246 2228 1348 2269; x_wconf 78' lang='lat' dir='ltr'><strong>(pre·)</strong></span> <span class='ocrx_word' id='word_1_168' title='bbox 1365 2227 1452 2258; x_wconf 79' lang='lat' dir='ltr'><strong>codd.</strong></span> 
     </span>
     <span class='ocr_line' id='line_1_31' title="bbox 124 2270 760 2311; baseline 0 -9"><span class='ocrx_word' id='word_1_169' title='bbox 124 2274 145 2302; x_wconf 85' lang='lat'><strong>6</strong></span> <span class='ocrx_word' id='word_1_170' title='bbox 170 2276 204 2302; x_wconf 86' lang='lat' dir='ltr'><strong>et</strong></span> <span class='ocrx_word' id='word_1_171' title='bbox 221 2282 287 2302; x_wconf 84' lang='lat' dir='ltr'><strong>om.</strong></span> <span class='ocrx_word' id='word_1_172' title='bbox 307 2270 363 2301; x_wconf 72' lang='lat' dir='ltr'><strong>BA</strong></span> <span class='ocrx_word' id='word_1_173' title='bbox 494 2273 513 2301; x_wconf 91' lang='grc'>8</span> <span class='ocrx_word' id='word_1_174' title='bbox 538 2277 693 2311; x_wconf 80' lang='lat' dir='ltr'><strong>pertetua</strong></span> <span class='ocrx_word' id='word_1_175' title='bbox 713 2272 760 2302; x_wconf 74' lang='lat' dir='ltr'><strong>CA</strong></span> 
     </span>
    </p>

    <p class='ocr_par' dir='ltr' id='par_1_15' title="bbox 169 2314 643 2353">
     <span class='ocr_line' id='line_1_32' title="bbox 169 2314 643 2353; baseline 0.002 -9"><span class='ocrx_word' id='word_1_176' title='bbox 169 2314 291 2344; x_wconf 92' lang='lat' dir='ltr'>XXIX</span> <span class='ocrx_word' id='word_1_177' title='bbox 315 2324 334 2353; x_wconf 83' lang='lat'><strong>3</strong></span> <span class='ocrx_word' id='word_1_178' title='bbox 359 2315 465 2345; x_wconf 83' lang='lat' dir='ltr'><strong>donas</strong></span> <span class='ocrx_word' id='word_1_179' title='bbox 482 2315 512 2345; x_wconf 91' lang='lat' dir='ltr'><strong>d.</strong></span> <span class='ocrx_word' id='word_1_180' title='bbox 531 2316 572 2345; x_wconf 84' lang='lat' dir='ltr'><strong>ad</strong></span> <span class='ocrx_word' id='word_1_181' title='bbox 590 2315 643 2345; x_wconf 73' lang='grc' dir='ltr'><strong>ΒΑ</strong></span> 
     </span>
    </p>

    <p class='ocr_par' dir='ltr' id='par_1_16' title="bbox 126 2356 1453 2441">
     <span class='ocr_line' id='line_1_33' title="bbox 169 2356 1453 2399; baseline -0.002 -11"><span class='ocrx_word' id='word_1_182' title='bbox 169 2357 272 2388; x_wconf 88' lang='lat' dir='ltr'><strong>XXX</strong></span> <span class='ocrx_word' id='word_1_183' title='bbox 299 2367 311 2387; x_wconf 95' lang='lat'>1</span> <span class='ocrx_word' id='word_1_184' title='bbox 341 2357 376 2388; x_wconf 93' lang='lat' dir='ltr'><strong>Io</strong></span> <span class='ocrx_word' id='word_1_185' title='bbox 393 2357 469 2387; x_wconf 74' lang='lat' dir='ltr'><strong>BA:</strong></span> <span class='ocrx_word' id='word_1_186' title='bbox 504 2357 534 2388; x_wconf 91' lang='lat' dir='ltr'>O</span> <span class='ocrx_word' id='word_1_187' title='bbox 554 2358 600 2389; x_wconf 71' lang='lat' dir='ltr'><strong>CA</strong></span> <span class='ocrx_word' id='word_1_188' title='bbox 702 2362 913 2397; x_wconf 84' lang='lat' dir='ltr'><strong>temperante</strong></span> <span class='ocrx_word' id='word_1_189' title='bbox 939 2357 1027 2389; x_wconf 85' lang='lat' dir='ltr'><strong>codd.</strong></span> <span class='ocrx_word' id='word_1_190' title='bbox 1055 2359 1129 2399; x_wconf 82' lang='lat' dir='ltr'><strong>(pro</strong></span> <span class='ocrx_word' id='word_1_191' title='bbox 1153 2362 1232 2397; x_wconf 81' lang='lat' dir='ltr'><strong>-ate‚</strong></span> <span class='ocrx_word' id='word_1_192' title='bbox 1261 2357 1316 2387; x_wconf 64' lang='lat'><strong>221:</strong></span> <span class='ocrx_word' id='word_1_193' title='bbox 1349 2356 1453 2396; x_wconf 79' lang='lat' dir='ltr'><strong>-atae)</strong></span> 
     </span>
     <span class='ocr_line' id='line_1_34' title="bbox 126 2401 852 2441; baseline 0.003 -11"><span class='ocrx_word' id='word_1_194' title='bbox 126 2402 230 2441; x_wconf 78' lang='lat' dir='ltr'><strong>(-atae</strong></span> <span class='ocrx_word' id='word_1_195' title='bbox 244 2401 276 2439; x_wconf 70' lang='lat' dir='ltr'><strong>C,</strong></span> <span class='ocrx_word' id='word_1_196' title='bbox 292 2401 360 2440; x_wconf 76' lang='lat' dir='ltr'><strong>etc.)</strong></span> <span class='ocrx_word' id='word_1_197' title='bbox 494 2411 513 2439; x_wconf 90' lang='lat'><strong>4</strong></span> <span class='ocrx_word' id='word_1_198' title='bbox 538 2401 619 2432; x_wconf 84' lang='lat' dir='ltr'><strong>iocis</strong></span> <span class='ocrx_word' id='word_1_199' title='bbox 640 2401 687 2431; x_wconf 75' lang='lat' dir='ltr'><strong>CA</strong></span> <span class='ocrx_word' id='word_1_200' title='bbox 714 2402 736 2441; x_wconf 87' lang='lat' dir='ltr'><strong>(j</strong></span> <span class='ocrx_word' id='word_1_201' title='bbox 750 2407 811 2441; x_wconf 77' lang='lat' dir='ltr'><strong>pro</strong></span> <span class='ocrx_word' id='word_1_202' title='bbox 826 2402 852 2440; x_wconf 90' lang='lat' dir='ltr'><strong>l)</strong></span> 
     </span>
    </p>
   </div>
  </div>
 </body>
</html>
