1684 2715
817 113 1286 153 EPIGRAMMATON
1320 116 1372 153 LI
1382 117 1421 152 B.
1459 118 1471 153 I

642 227 742 264 XXI

110 288 112 290 Ι
138 298 241 336 Cum
272 304 421 347 peteret
450 309 592 346 regem,
626 297 795 346 decepta
826 296 992 335 satellite
1023 298 1159 336 dextra

191 361 351 412 ingessit
381 361 498 400 sacris
528 375 569 400 se
599 361 770 412 peritura
799 361 906 400 focis.

137 428 207 466 sed
237 435 316 466 tam
347 441 463 466 saeva
492 427 579 478 pius
610 427 797 466 miracula
827 441 908 465 non
939 428 1026 466 tulit
1057 429 1180 466 hostis

191 501 229 531 et
258 501 413 543 raptum
443 493 613 531 flammis
643 493 754 532 iussit
783 494 891 533 abire
920 494 1070 533 virum:

137 572 246 598 urere
276 572 396 609 quam
426 559 554 609 potuit
583 568 815 610 contempto
846 560 1006 599 Mucius
1035 560 1135 611 igne,
1458 580 1474 609 5

191 626 294 663 hanc
324 632 501 675 spectare
531 638 693 663 manum
727 627 901 664 Porsena
930 640 1011 664 non
1042 625 1180 676 potuit.

140 690 269 729 Maior
297 691 489 740 deceptae
518 691 623 728 fama
653 698 711 729 est
741 699 779 729 et
807 691 930 741 gloria
959 693 1145 730 dextrae:

191 755 222 793 si
252 769 333 794 non
363 763 538 802 errasset,
570 757 714 794 fecerat
743 755 808 794 illa
838 755 980 795 minus.

636 845 760 882 XXII

138 914 246 963 Quid
278 928 383 952 nunc
414 928 529 953 saeva
558 914 658 965 fugis
688 914 833 965 placidi
864 916 975 964 lepus
1006 928 1073 953 ora
1102 915 1260 953 leonis?

190 981 366 1029 frangere
396 988 475 1017 tam
507 993 645 1029 parvas
675 993 757 1017 non
788 979 963 1018 didicere
993 981 1104 1018 feras.

136 1053 338 1084 servantur
368 1045 520 1095 magnis
550 1045 612 1083 isti
642 1045 861 1083 cervicibus
891 1058 1043 1095 ungues

191 1124 264 1149 nec
293 1112 438 1160 gaudet
468 1110 575 1149 tenui
608 1111 798 1161 sanguine
828 1118 937 1149 tanta
966 1111 1058 1149 sitis.

137 1177 282 1226 praeda
311 1189 455 1214 canum
485 1178 597 1226 lepus
628 1184 696 1224 est,
730 1185 860 1215 vastos
891 1190 972 1215 non
1002 1176 1139 1226 implet
1170 1176 1326 1214 hiatus:

191 1255 271 1279 non
301 1241 438 1280 timeat
469 1243 603 1280 Dacus
634 1242 813 1282 Caesaris
842 1256 950 1280 arma
979 1255 1086 1292 puer.

624 1331 771 1368 XXIII

138 1400 285 1439 Invitas
315 1402 468 1438 nullum
500 1400 573 1439 nisi
603 1415 694 1439 curn
725 1415 816 1451 quo,
851 1402 980 1447 Cotta,
1014 1400 1151 1439 lavaris

190 1474 228 1504 et
257 1467 354 1505 dant
383 1466 591 1505 convivam
623 1467 764 1505 balnea
793 1469 876 1505 sola
906 1467 987 1506 tibi.

137 1531 305 1570 mirabar
335 1545 455 1581 quare
485 1545 703 1582 numquam
736 1546 812 1580 me,
843 1533 973 1579 Cotta,
1004 1545 1212 1571 vocasses:

190 1597 267 1636 iarn
299 1597 381 1635 scio
412 1611 474 1636 me
505 1599 656 1636 nudum
689 1597 937 1648 displicuisse
967 1597 1050 1636 tibi.

624 1687 765 1723 XXIV

138 1756 293 1806 Aspicis
323 1755 535 1806 incomptis
565 1756 690 1803 illum,
722 1756 912 1804 Deciane,
943 1756 1104 1806 capillis,

191 1821 302 1860 cuius
332 1829 370 1859 et
400 1821 484 1870 ipse
514 1821 629 1860 times
660 1821 768 1860 triste
798 1821 1064 1872 supercilium,

137 1887 204 1937 qui
234 1887 407 1937 loquitur
437 1887 579 1926 Curios
609 1889 912 1937 adsertoresque
942 1887 1162 1927 Camillos?

191 1951 316 1991 nolito
345 1952 463 1990 fronti
492 1953 679 1991 credere:
710 1952 844 2002 nupsit
874 1952 970 1991 heri.

637 2053 755 2089 XXV

139 2123 224 2161 Ede
255 2130 344 2160 tuos
374 2123 537 2161 tandem
568 2124 728 2173 populo,
762 2122 962 2169 Faustine,
994 2122 1148 2160 libellos

188 2194 227 2226 et
257 2189 407 2226 cultum
438 2189 559 2226 docto
589 2196 748 2238 pectore
778 2189 909 2238 profer
938 2201 1050 2237 opus,

178 2291 263 2321 XXI
288 2302 338 2322 vv.
360 2292 422 2321 1-6
438 2291 509 2323 lmb.
530 2291 564 2321 R
699 2301 716 2330 7
743 2291 887 2331 decepta
905 2291 955 2321 CA

178 2335 282 2365 XXII
307 2336 380 2366 lmb.
406 2335 435 2365 T
614 2347 627 2366 1
656 2334 763 2375 nunc]
781 2345 849 2365 non
868 2334 985 2365 Dousa
1114 2343 1173 2363 ore
1197 2332 1226 2362 T

178 2378 299 2408 XXIII
324 2379 398 2410 lzab.
424 2378 453 2409 T
1018 2377 1135 2407 XXIV
1159 2376 1233 2407 hab.
1259 2375 1287 2405 T

176 2443 282 2465 MART.
303 2443 353 2465 ΕΡ.
1330 2429 1350 2457 2
