1684 2763
181 163 237 199 M.
268 162 391 199 VAL.
422 161 735 199 MARTIALIS

551 272 799 309 LXXXVII.
833 271 1019 309 Stibadia.

181 347 329 398 Accipe
358 350 492 386 lunata
520 347 707 398 scriptum
738 346 936 385 testudine
965 346 1099 396 sigma.

233 420 324 452 octo
352 412 456 462 capit
470 427 480 461 3
517 412 648 451 veniat
677 411 853 461 quisquis
881 411 1031 449 amicus
1062 410 1143 449 erit.

492 511 762 548 LXXXVIII.
800 510 1082 548 Gustatorium.

181 586 407 625 Femineam
438 586 552 624 nobis
582 587 748 623 cherson
779 584 810 621 si
840 584 965 622 credis
996 584 1133 630 inesse,

232 650 423 702 deciperis
440 658 455 689 :“
486 650 613 700 pelagi
644 650 817 687 mascula
845 650 992 698 praeda
1021 661 1166 686 sumus.

510 749 734 785 LXXXIX.
766 747 908 784 Alema
936 747 1062 784 citrea.

178 824 326 874 Accipe
355 824 498 871 felices,
531 823 728 862 Atlantica
758 836 931 869 munera,
963 822 1101 860 silvas:

229 902 346 927 aurea
375 889 441 939 qui
471 888 623 927 dederit
653 889 769 935 dona,
801 887 952 925 minora
981 886 1101 925 dabit.

568 988 652 1026 XC.
685 986 827 1024 silem-a
857 999 1004 1023 acerna.

177 1064 269 1101 Non
299 1076 385 1101 sum
415 1062 540 1112 crispa
570 1062 730 1112 quidem
760 1075 834 1099 nec
864 1061 983 1099 silvae
1013 1060 1090 1098 filia
1122 1061 1296 1106 Maurae,

229 1130 298 1166 sed
328 1135 473 1165 norunt
501 1129 625 1165 lautas
655 1135 693 1166 et
722 1140 809 1165 mea
838 1126 942 1176 ligna
975 1127 1107 1175 dapes.

560 1228 669 1267 XCI.
701 1229 846 1265 Dentes
874 1227 1003 1264 eborei.

176 1304 350 1343 Grandia
379 1312 577 1342 taurorum
607 1310 762 1352 portant
792 1302 858 1352 qui
888 1315 1061 1351 corpora,
1094 1300 1247 1351 quaeris

227 1382 276 1406 an
308 1367 475 1417 Libycas
504 1366 655 1416 possint
685 1365 915 1404 sustinuisse
945 1366 1106 1403 trabes?

547 1466 682 1504 XCII.
717 1465 1019 1513 Quinquepedal.

175 1545 325 1581 Puncta
354 1541 456 1579 notis
486 1541 560 1579 ilex
590 1548 627 1578 et
655 1548 770 1578 acuta
799 1539 963 1589 cuspide
993 1540 1100 1576 clusa

227 1620 342 1657 saepe
371 1605 629 1655 redemptoris
660 1606 824 1655 prodere
853 1605 953 1642 furta
983 1605 1094 1641 solet.

493 1704 565 1741 XC
572 1704 588 1740 I
595 1705 612 1740 I
619 1704 648 1740 Ι.
679 1704 823 1741 Pocula
855 1703 1066 1751 archetypa.

175 1782 265 1819 Non
296 1787 353 1818 est
383 1779 454 1817 ista
482 1792 630 1824 recem,
661 1791 734 1816 nec
764 1777 885 1815 nostri
914 1777 1034 1827 gloria
1064 1777 1187 1814 caeli:

225 1845 372 1895 primus
402 1844 440 1880 in
470 1843 530 1880 his
562 1844 731 1888 Mentor,
764 1844 859 1880 dum
890 1841 981 1879 facit
1010 1841 1085 1888 illa,
1117 1840 1227 1879 bibit.

216 1930 411 1961 LXXXVII
437 1939 600 1961 summm
624 1928 699 1959 BA:
723 1937 885 1960 sT1PAmA
913 1926 959 1957 CA
1061 1937 1075 1957 1
1103 1926 1216 1957 lunata
1237 1926 1338 1957 Ital.:
1364 1926 1498 1957 lunatas

172 1975 225 2005 ΒΑ
241 1986 248 2004 :
272 1974 420 2004 lunatam
439 1972 486 2003 CA
575 1971 683 2011 sigma
695 1971 770 2003 Ital.
789 1983 796 2003 :
820 1971 912 2011 ligna
927 1970 981 2000 BA
997 1981 1003 2001 :
1029 1970 1125 2009 signa
1144 1969 1191 2001 CA

217 2016 430 2048 LXXXVIII
456 2025 655 2046 GvsTAmvm
674 2015 727 2045 ΒΑ
842 2025 855 2044 1
882 2023 1020 2044 cresson
1041 2014 1088 2044 CA
1198 2012 1242 2053 si]
1260 2012 1407 2052 insiful
1416 2012 1493 2052 vid„

174 2061 235 2091 lusi
253 2059 292 2098 L,
314 2060 375 2090 nisi
394 2059 456 2098 ΡΩ
586 2069 605 2088 2
630 2058 787 2097 decipere
804 2058 852 2088 vel
868 2067 934 2087 -res
950 2056 1005 2085 BA
1094 2057 1199 2096 prada
1213 2060 1249 2086 ut
1261 2055 1324 2087 vid.
1340 2054 1389 2087 CA

215 2103 399 2134 LXXXIX
418 2111 556 2133 ΜΕΝΞΑΕ
580 2111 727 2132 οιτιυῑΑΕ
744 2100 799 2130 ΒΑ
816 2113 823 2132 :
848 2110 940 2131 muns
963 2109 1088 2130 ClTREA
1105 2101 1153 2130 CA

215 2146 276 2177 XC
302 2156 413 2176 CEREA
426 2146 480 2175 ΒΑ
528 2155 541 2174 1
561 2145 644 2185 filia]
656 2145 759 2175 citrea
772 2144 813 2174 M
872 2153 1006 2174 mausae
1019 2143 1067 2174 CA
1080 2145 1109 2184 (s
1118 2147 1179 2182 pro
1192 2143 1221 2183 r)
1290 2152 1310 2173 2
1326 2141 1431 2173 lauias
1441 2141 1496 2172 BA

171 2190 273 2229 digna
292 2189 339 2220 CA
356 2193 392 2220 ut
407 2188 469 2219 vid.
491 2187 561 2227 (sed
574 2188 666 2227 ligna
681 2186 737 2227 X)

214 2233 293 2264 XCI
318 2242 473 2263 Essvrmssx
492 2231 521 2270 Q
632 2241 647 2261 1
672 2230 805 2270 quaeris
823 2230 896 2260 BA:
922 2234 1087 2269 quaerunt
1106 2229 1155 2260 CA
1308 2239 1328 2258 2
1351 2233 1496 2268 possunt

169 2276 223 2306 BA
240 2288 247 2307 ι
271 2276 402 2315 possint
420 2275 466 2306 CA

214 2319 310 2350 XCII
335 2327 580 2357 QV1NQVEPEDA
594 2317 669 2347 BA:
693 2326 777 2347 —DAL
795 2316 843 2348 CA
934 2326 947 2346 1
975 2316 1064 2346 notiS
1085 2315 1162 2346 BA:
1187 2319 1287 2346 notas
1305 2314 1355 2345 CA
1442 2313 1493 2354 et]

173 2373 233 2394 nec
250 2362 305 2393 BA
436 2371 456 2392 2
480 2361 675 2401 redemptor
690 2360 746 2391 ΒΑ

213 2405 328 2437 XCIII
356 2414 369 2434 1
396 2404 510 2436 dorcia
528 2404 601 2435 cadi
619 2404 667 2435 CA
686 2406 766 2444 (pro
781 2403 903 2434 clorcia
920 2403 1002 2433 caeli
1016 2403 1043 2443 Ζ)
1132 2412 1152 2432 2
1175 2402 1262 2432 bibis
1281 2401 1330 2432 CA
