1684 2763
384 550 452 596 M.
502 550 661 597 VAL.
715 549 1129 597 MARTIALIS

452 678 1059 727 EPIGRAMMATON

622 819 793 855 LIBER
833 819 891 856 IV

705 945 722 982 Ι

157 1016 363 1054 CAESARIS
391 1015 494 1052 alma
523 1014 607 1053 dies
637 1022 675 1053 et
705 1016 792 1053 luce
821 1014 1006 1053 sacratior
1035 1015 1099 1053 illa

208 1079 367 1118 conscia
398 1078 608 1118 Dictaeum
638 1093 717 1129 qua
746 1079 832 1118 tulit
864 1081 936 1118 Ida
967 1082 1116 1127 Iovem,

155 1146 282 1193 longa,
313 1157 460 1194 precor,
494 1144 684 1194 Pylioque
714 1144 802 1183 veni
832 1144 1078 1183 numerosior
1106 1158 1204 1183 aevo

209 1222 363 1259 semper
392 1217 430 1247 et
459 1211 537 1248 hoc
566 1211 674 1247 voltu
704 1211 765 1248 vel
796 1209 957 1248 meliore
987 1209 1079 1248 nite.

155 1275 218 1313 hic
248 1276 351 1313 colat
380 1275 539 1314 Albano
568 1274 776 1313 Tritonida
806 1277 951 1313 multus
981 1275 1021 1313 in
1050 1289 1146 1313 auro

207 1353 355 1390 perque
384 1353 524 1378 manus
554 1347 680 1378 tantas
710 1340 877 1390 plurima
906 1354 1073 1390 quercus
1103 1347 1164 1378 eat
1180 1354 1190 1387 ,·

155 1404 218 1443 hic
247 1407 350 1443 colat
378 1404 528 1454 ingenti
557 1405 762 1443 redeuntia
791 1407 947 1443 saecula
976 1407 1098 1444 lustro

208 1478 245 1508 et
275 1483 376 1520 quae
407 1471 627 1509 Romuleus
656 1483 765 1508 sacra
794 1471 988 1508 Tarentos
1019 1470 1149 1507 habet.

158 1537 305 1586 Magna
334 1535 508 1585 quidem,
540 1535 680 1585 superi,
712 1535 883 1584 petimus
913 1536 984 1573 sed
1013 1534 1147 1573 debita
1177 1534 1309 1572 terris:

208 1613 278 1650 pro
308 1608 417 1639 tanto
447 1613 549 1650 quae
578 1608 669 1638 sunt
699 1600 866 1649 inproba
895 1607 986 1638 vota
1015 1601 1121 1638 deo?

690 1699 732 1735 II

261 1769 473 1819 Spectabat
502 1770 623 1807 modo
653 1770 758 1807 solus
786 1768 887 1807 inter
915 1782 1054 1808 omnes

261 1833 378 1884 nigris
409 1847 551 1872 munus
583 1833 773 1872 Horatius
803 1833 982 1881 lacernis,

260 1912 350 1938 cum
380 1899 492 1949 plebs
521 1906 559 1937 et
588 1899 716 1937 minor
744 1900 842 1937 ordo
872 1898 1145 1948 maximusque

262 1972 399 2002 sancto
428 1977 519 2002 cum
549 1964 651 2002 duce
680 1963 873 2002 candidus
904 1964 1068 2002 sederet.

191 2035 196 2042 ¹
261 2030 366 2068 Toto
395 2028 461 2067 nix
489 2028 632 2067 cecidit
660 2036 821 2078 repente
850 2030 984 2068 caelo:

261 2093 359 2132 albis
389 2101 540 2144 spectat
570 2093 761 2132 Horatius
790 2092 965 2132 lacernis.

680 2193 744 2229 III

155 2261 300 2312 Aspice
329 2274 449 2312 quam
479 2263 647 2300 densum
677 2261 882 2300 tacitarum
913 2263 1036 2300 vellus
1065 2274 1256 2312 aquarum

209 2328 355 2365 defluat
385 2326 424 2364 in
454 2329 581 2366 voltus
612 2327 789 2367 Caesaris
819 2327 938 2377 inque
969 2326 1086 2365 sinus.

310 2429 322 2458 I
347 2439 366 2468 3
391 2430 465 2460 aevi
484 2429 533 2460 CA
634 2440 654 2469 9
678 2430 755 2471 sed]
774 2436 807 2461 et
826 2430 873 2460 CA
1072 2429 1102 2459 11
1131 2438 1144 2458 1
1172 2428 1290 2458 modos
1309 2426 1355 2456 CA

1362 2469 1401 2498 7*

1449 1615 1489 1637 10
