1684 2763
242 151 297 188 M.
326 151 448 189 VAL.
481 152 794 190 MARTIALIS

236 262 274 292 at
304 255 460 294 Chione
488 268 569 293 non
598 255 715 294 sentit
744 269 844 305 opus
872 269 945 294 nec
974 255 1137 294 vocibus
1166 255 1253 294 ullis

289 319 459 367 adiuvat,
489 320 694 358 absentem
724 334 1032 359 marmoreamve
1060 328 1184 370 putes.

239 386 418 431 Exorare,
449 385 524 430 dei,
556 385 586 422 si
615 398 685 423 vos
714 393 793 423 tam
823 399 964 435 magna
991 385 1123 423 liceret

291 456 329 487 et
357 449 464 487 bona
491 449 639 487 velletis
668 457 747 488 tam
777 450 947 499 pretiosa
975 451 1078 497 dare,
1525 467 1562 488 10

238 515 314 552 hoc
343 515 451 563 quod
481 514 599 552 habet
630 514 785 553 Chione
814 527 956 563 corpus
984 514 1161 553 faceretis
1190 515 1351 553 haberet

291 586 333 616 ut
363 578 534 628 Phlogis,
565 586 602 616 et
633 578 787 617 Chione
817 580 925 628 quod
956 579 1114 628 Phlogis
1144 581 1255 617 ulcus
1285 580 1415 618 habet.

744 700 838 736 LXI

241 780 392 829 Lingua
420 780 591 827 maritus,
624 781 812 818 moechus
843 793 908 818 ore
939 780 1157 828 Nanneius,

239 845 583 883 Summemmianis
612 844 851 894 inquinatior
879 845 1037 893 buccisg

238 923 356 959 quem
386 923 476 947 cum
506 911 674 948 fenestra
702 909 798 948 vidit
826 923 849 947 a
878 910 1084 948 Suburana

239 975 410 1013 obscena
439 976 590 1012 nudum
622 975 740 1021 Leda,
772 974 961 1012 fornicem
991 974 1113 1012 cludit

241 1038 496 1088 mediumque
526 1041 672 1077 mavult
701 1039 851 1077 basiare
881 1052 998 1088 quam
1029 1052 1253 1086 summum3
1548 1054 1565 1085 5

241 1105 363 1142 modo
392 1105 459 1153 qui
490 1118 557 1154 per
586 1118 723 1142 omnes
753 1104 944 1142 viscerum
975 1104 1092 1142 tubos
1122 1104 1203 1142 ibat

240 1177 278 1207 et
307 1182 404 1208 voce
433 1177 538 1207 certa
566 1168 804 1218 consciaque
833 1169 990 1207 dicebat

241 1247 337 1283 puer
364 1247 413 1272 an
445 1235 572 1283 puella
602 1233 733 1270 matris
763 1241 864 1271 esset
894 1233 932 1270 in
962 1240 1118 1271 ventre:

240 1300 461 1347 -gaudete
490 1297 634 1342 cunni3
672 1306 799 1335 vestra
827 1311 998 1347 namque
1027 1311 1086 1335 res
1114 1304 1200 1335 acta
1231 1304 1343 1335 est-—

241 1363 404 1412 arrigere
432 1362 604 1412 linguam
634 1375 715 1399 non
744 1370 873 1411 potest
902 1362 1135 1400 fututricem.
1530 1377 1567 1398 10

244 1441 334 1465 nam
365 1428 460 1465 dum
490 1426 657 1465 tumenti
687 1440 835 1464 mersus
865 1428 997 1464 haeret
1027 1426 1066 1464 in
1095 1428 1208 1464 volva

243 1500 280 1530 et
310 1491 507 1542 vagientes
536 1491 641 1529 intus
669 1491 779 1529 audit
807 1491 985 1538 infantes,

245 1564 392 1607 partem
422 1558 599 1606 gulosam
630 1556 744 1594 solvit
773 1556 962 1594 indecens
992 1557 1164 1594 morbus.

246 1623 331 1660 Nec
360 1635 480 1672 purus
510 1634 594 1659 esse
623 1634 729 1659 nunc
759 1628 887 1670 potest
916 1634 990 1659 nec
1018 1620 1192 1670 inpurus.

740 1731 858 1767 LXII

247 1810 389 1849 Lesbia
418 1824 458 1849 se
487 1810 586 1848 iurat
613 1810 729 1859 gratis
758 1824 975 1859 numquam
1005 1823 1090 1848 esse
1119 1811 1296 1847 fututam.

299 1877 447 1914 Verum
478 1883 545 1913 est.
605 1876 708 1914 Cum
738 1874 837 1912 futui
867 1876 959 1921 vult,
990 1887 1194 1912 numerare
1223 1875 1332 1911 solet.

745 1984 887 2021 LXIII

355 2066 515 2114 Spectas
544 2078 627 2111 nos,
660 2064 901 2111 Philomuse‚
930 2078 1020 2102 curn
1049 2066 1233 2111 lavamur,

354 2137 392 2167 et
421 2143 540 2179 quare
568 2128 664 2166 mihi
692 2136 771 2167 tam
802 2128 1009 2167 mutuniati

292 2232 354 2262 LX
379 2232 399 2261 8
422 2242 689 2263 marmor-eamne
713 2232 790 2263 BA:
823 2242 1111 2272 marmoreamque
1128 2232 1177 2263 CA
1266 2241 1305 2263 10
1328 2232 1476 2271 possetis
1492 2231 1571 2262 BA:

249 2275 380 2306 uelletis
398 2275 448 2305 CA
581 2286 615 2306 11
642 2275 799 2316 haberet]
824 2277 948 2306 habere
966 2275 1014 2306 CA

295 2318 371 2348 LXI
400 2328 413 2348 1
431 2319 481 2358 (in
499 2319 608 2350 lemm.
629 2329 673 2349 m:
683 2329 843 2349 ΜΑΝΝεῐο
853 2319 927 2357 ΒΑ)
1018 2329 1038 2349 2
1060 2319 1310 2349 summemianis
1325 2318 1480 2358 (-emmi·)
1492 2317 1570 2347 BA:

250 2372 413 2392 summum
431 2362 551 2393 mianis
569 2362 618 2392 CA
743 2372 762 2400 3
787 2373 806 2392 a
824 2373 887 2393 om.
907 2361 964 2392 BA
1051 2363 1244 2392 suburbana
1260 2361 1347 2392 codd.
1366 2372 1373 2391 t
1399 2372 1477 2392 corr.
1495 2360 1571 2392 Ital.

254 2415 286 2435 11
314 2405 407 2435 uluas
425 2404 475 2435 CA
610 2415 647 2443 14
674 2405 777 2446 nunc]
797 2408 818 2435 ἦ
836 2409 872 2435 ut
886 2405 949 2436 vid.
971 2404 1022 2436 CA
1041 2407 1144 2446 (nunc
1161 2405 1238 2445 EA,
1258 2415 1328 2435 non
1344 2403 1443 2445 XV)·
