1684 2763
541 154 720 193 INDEX
760 154 1226 193 EPIGRAMMATON

280 266 518 306 Cappadocum
535 265 646 296 saevis
662 264 832 295 Antistius
848 264 970 295 occidit
987 263 1055 294 oris
1101 263 1162 298 IX,
1181 274 1232 303 30.

281 311 390 350 Capto
407 314 507 349 tuam,
527 309 631 349 pudet
649 309 726 346 heu,
746 309 806 338 sed
825 312 935 347 capto,
957 307 1114 347 Maxime,
1135 318 1252 338 cenam
1300 307 1343 346 ΙΙ,
1366 308 1415 338 18.

281 353 441 384 Carmina
459 353 548 383 nulla
565 353 690 392 probas
707 351 798 382 molli
814 362 901 390 quae
919 351 1023 381 limite
1041 356 1178 381 currunt
1223 350 1284 389 XI,
1300 362 1350 391 90.

281 398 437 428 Carmina
456 397 577 427 Paulus
595 396 687 434 emit,
706 396 822 426 recitat
838 405 898 425 sua
915 395 1063 425 carmina
1081 395 1204 425 Paulus
1252 394 1294 434 ΙΙ,
1315 406 1367 426 20.

282 441 430 480 Carpere
449 440 638 470 causidicus
656 439 761 469 fertur
777 449 851 469 mea
868 437 1016 468 carmina
1031 450 1037 469 z
1063 438 1118 477 qui
1135 439 1178 469 sit
1224 438 1264 477 V,
1284 448 1337 478 33,

283 485 411 515 Caseus
430 483 593 514 Etruscae
609 483 761 522 signatus
778 481 925 520 imagine
944 482 1058 511 Lunae
1105 481 1203 519 XIII,
1217 492 1268 520 30.

284 528 385 558 Casta
403 537 465 558 nec
482 526 632 565 antiquis
650 526 775 556 cedens
796 525 942 555 Laevina
957 525 1091 555 Sabinis
1137 524 1162 564 Ι,
1182 527 1234 555 62.

284 572 386 601 Casta
401 581 461 600 suo
480 570 627 609 gladium
646 579 719 598 cum
738 569 886 599 traderet
903 568 1002 598 Arria
1021 568 1126 598 Paeto
1173 568 1198 607 Ι,
1222 578 1269 606 13.

284 615 426 645 Castora
444 615 485 644 de
508 613 643 643 Polluce
661 612 804 642 Gabinia
822 611 900 641 feeit
918 611 1076 641 Achillan
1122 610 1198 650 VII,
1217 621 1267 650 57.

285 659 415 688 Cedere
432 658 473 687 de
492 657 618 686 nostris
635 655 716 686 nulli
734 660 767 685 te
785 655 867 685 dicis
884 654 1000 684 amicis
1046 654 1091 690 X,
1113 664 1162 693 15.

284 702 417 731 Cedere
435 700 550 730 maiori
569 699 700 729 virtutis
717 698 805 728 sama
822 698 970 728 secunda
987 703 1039 728 est
1085 696 1145 738 Ep.
1163 707 1216 736 32.

286 745 432 775 Cenabis
448 744 548 781 belle,
566 742 629 772 Iuli
646 742 797 779 Cerialis,
817 742 905 780 apud
925 751 976 771 me
1023 740 1085 779 XI,
1102 751 1155 780 52.

287 788 410 825 Cenesy
428 788 609 823 Canthare⁷
630 796 704 816 curn
722 785 804 815 soris
823 785 968 815 libenter
1015 784 1074 823 IX,
1094 796 1124 824 9.

288 832 382 862 Ceno
400 831 490 861 domi
508 831 676 869 quotiens,
698 829 760 859 nisi
780 833 825 865 te,
844 827 1050 867 Charopine,
1069 828 1188 859 vocavi
1233 829 1274 868 V,
1293 838 1344 867 50.

288 875 418 905 Censor
435 874 577 904 maxime
595 873 853 912 principumque
871 872 1029 911 princeps
1073 871 1133 910 VI,
1151 882 1182 909 4.

288 919 452 949 Centenis
470 918 559 956 quod
577 917 661 947 emis
679 926 803 955 pueros
820 920 853 946 et
870 926 972 954 saepe
990 915 1129 945 ducenis
1176 914 1236 955 ΙΙΙ,
1257 916 1307 946 62.

289 963 432 993 Centum
450 961 606 991 Coranus
625 965 658 990 et
675 961 822 990 ducenta
842 959 1019 989 Mancinus
1066 958 1122 997 IV,
1144 968 1195 997 37.

289 1007 434 1036 Centum
454 1005 573 1034 miselli
591 1005 655 1034 iam
672 1003 781 1033 valete
797 1003 1004 1041 quadrantes
1052 1001 1111 1033 III.
1134 1012 1161 1040 7.

291 1050 399 1080 Cerea
415 1059 501 1088 quae
520 1048 631 1087 patulo
651 1048 738 1077 lucet
757 1045 901 1076 ficedula
920 1046 1033 1075 lumbo
1080 1045 1176 1083 XIII,
1196 1055 1226 1083 5.

289 1094 440 1123 Cernere
459 1092 658 1121 Parrhasios
675 1092 751 1120 dum
769 1095 802 1120 te
820 1091 919 1126 iuvat,
938 1089 1037 1123 Aule,
1057 1089 1188 1119 triones
1236 1089 1290 1121 VI.
1311 1091 1363 1127 58.

292 1137 481 1167 Cerretana
499 1135 578 1164 mihi
597 1135 654 1164 fiat
671 1134 723 1164 vel
743 1134 842 1163 missa
861 1133 974 1163 licebit
1021 1131 1117 1172 XIII,
1138 1142 1188 1171 54.

292 1180 452 1219 Cessatis,
473 1178 579 1218 pueri,
598 1178 746 1216 nihilque
764 1177 870 1207 nostis
916 1174 976 1215 ΙΙΙ,
997 1177 1048 1214 67.

292 1224 448 1254 Chattica
465 1222 672 1252 Teutonicos
688 1220 843 1251 accendit
860 1229 979 1258 spuma
997 1218 1137 1258 capillos
1183 1219 1274 1258 XIV,
1291 1221 1343 1250 26.

293 1267 379 1297 Chia
396 1266 469 1296 seni
486 1266 603 1295 similis
622 1265 767 1303 Baccho,
788 1273 886 1302 quem
906 1263 999 1293 Setia
1018 1263 1108 1292 misit
1154 1262 1250 1302 XIII,
1268 1273 1320 1301 23.

294 1311 479 1348 Chirurgus
496 1309 616 1341 fuerat,
635 1318 724 1337 nunc
742 1312 794 1337 est
810 1307 942 1345 vispillo
964 1306 1102 1336 Diaulus
1148 1304 1173 1345 Ι,
1192 1316 1245 1345 30.

294 1354 450 1384 Cinctum
470 1352 593 1391 togatis
610 1356 685 1390 post
703 1355 736 1381 et
752 1355 830 1380 ante
849 1349 1022 1380 Saufeium
1071 1348 1113 1387 ΙΙ,
1136 1359 1187 1388 74,

295 1398 450 1433 Cinnam,
469 1396 647 1431 Cinname,
665 1400 697 1425 te
714 1394 810 1424 iubes
827 1394 938 1423 vocari
986 1392 1042 1425 VI,
1067 1402 1114 1431 17.

294 1440 497 1472 Circumlata
512 1440 569 1469 diu
588 1438 715 1468 mensis
730 1437 891 1468 scribilita
908 1436 1067 1467 secundis
1110 1436 1173 1473 ΙΙΙ,
1194 1446 1241 1474 17.

295 1484 469 1515 Clamabat
486 1483 622 1513 tumidis
638 1482 748 1512 audax
768 1481 942 1510 Leandros
958 1480 991 1509 in
1010 1480 1109 1510 undis
1155 1479 1249 1516 XIV,
1271 1481 1339 1510 181.

296 1528 416 1558 Clarus
432 1527 551 1557 fronde
568 1526 665 1564 lovis,
688 1524 831 1555 Romani
849 1523 934 1554 sama
955 1523 1113 1554 cothurni
1160 1523 1220 1556 XI,
1240 1533 1270 1561 9.

296 1571 463 1602 Claudere
480 1580 566 1608 quac
584 1579 686 1599 cenas
704 1569 832 1598 lactuca
849 1567 977 1597 solebat
995 1577 1130 1598 avorum
1177 1566 1274 1606 XIII⁷
1297 1576 1343 1604 14.

297 1614 437 1645 Claudia
455 1612 619 1643 caeruleis
636 1623 710 1643 cum
728 1612 769 1642 sit
792 1611 914 1641 Rufina
934 1610 1108 1640 Britannis
1154 1610 1215 1648 XI,
1237 1619 1286 1648 53.

298 1658 447 1691 Claudia,
468 1656 567 1694 Rufe,
585 1666 659 1686 meo
675 1655 767 1685 nubit
780 1654 965 1693 Peregrina
986 1653 1127 1684 Pudenti
1175 1653 1228 1691 IV,
1253 1663 1305 1691 13.

298 1702 450 1732 Clinicus
468 1701 624 1730 Herodes
642 1699 773 1729 trullam
791 1698 998 1728 subduxerat
1015 1707 1118 1735 aegro
1165 1697 1224 1736 ΙΧ,
1244 1699 1295 1736 96.

298 1745 443 1776 Coccina
461 1744 606 1773 famosae
624 1744 730 1772 donas
747 1747 780 1772 et
798 1742 949 1771 ianthina
966 1741 1127 1771 moechae
1175 1740 1218 1779 ΙΙ,
1235 1750 1287 1779 39.

299 1788 431 1827 Coepit‚
452 1787 609 1823 Maxime,
632 1787 724 1815 Pana
741 1786 795 1824 qui
815 1785 943 1815 solebat
992 1784 1016 1821 Ι,
1037 1785 1089 1823 69.

301 1833 402 1870 Cogis
419 1841 471 1860 me
486 1830 612 1859 calamo
627 1839 794 1867 manuque
813 1833 927 1857 nostra
972 1828 1047 1866 VII,
1071 1837 1116 1858 11.

301 1876 399 1913 Cogit
418 1884 470 1904 me
483 1873 580 1903 Titus
598 1873 737 1902 actitare
755 1882 872 1901 causas
921 1871 945 1908 Ι,
968 1881 1013 1909 17.

301 1918 461 1949 Colchida
475 1917 554 1956 quid
572 1916 701 1951 scribis,
719 1915 799 1954 quid
817 1914 946 1951 scribis,
963 1914 1078 1945 amice.
1100 1913 1294 1952 Thyesten}
1340 1912 1378 1951 V,
1399 1921 1451 1950 53.

301 1962 396 1993 Collo
416 1965 525 1997 necte,
544 1969 638 1998 puer,
660 1969 769 1988 meros
787 1968 920 1987 amores
966 1957 1059 1991 XIV„
1079 1958 1153 1987 206.

299 2004 546 2036 Commendare
565 2012 669 2039 meas,
684 2001 826 2031 Instanti
847 2001 946 2037 Rufe,
966 2000 1134 2030 Camenas
1178 1998 1254 2031 VII.
1272 2000 1327 2029 68.

302 2048 550 2078 Commendare
569 2050 661 2076 tuum
680 2046 756 2075 dum
774 2045 826 2074 vis
844 2045 924 2074 mihi
940 2044 1090 2074 carmine
1109 2053 1229 2073 munus
1275 2042 1350 2079 Vll,
1371 2043 1422 2080 46.

301 2091 512 2123 Commendo
530 2090 601 2127 tibi,
620 2089 816 2127 Quintiane.
835 2092 967 2118 nostros
1014 2086 1039 2118 I.
1057 2096 1110 2125 52.

304 2134 501 2166 Communis
521 2133 581 2163 tibi
602 2143 676 2162 cum
694 2132 779 2168 viro,
800 2131 946 2169 Magulla
993 2129 1071 2163 XII,
1090 2140 1141 2168 91.

304 2178 466 2209 Comoedi
484 2182 553 2207 tres
568 2181 658 2212 sunt,
677 2176 736 2206 sed
754 2180 841 2204 amat
855 2179 909 2204 tua
930 2173 1043 2205 Paula,
1064 2173 1216 2212 Luperce
1262 2171 1321 2209 VI,
1338 2173 1367 2203 6.

304 2223 445 2253 Concita
461 2220 597 2250 veloces
616 2219 745 2257 sugeret
762 2229 835 2248 cum
853 2218 985 2247 damma
1006 2217 1172 2247 Molossos
1217 2216 1278 2256 Ep.
1297 2225 1349 2253 30.

303 2265 449 2296 Condita
466 2273 538 2294 cum
558 2263 617 2293 tibi
635 2263 678 2292 sit
696 2263 760 2292 iam
781 2262 1016 2300 sexagensima
1034 2261 1153 2290 messis
1201 2259 1258 2296 IV,
1279 2260 1327 2298 78.

305 2309 471 2340 Conditus
490 2308 544 2337 hic
562 2316 625 2344 ego
643 2316 714 2336 sum
734 2305 829 2335 Bassi
851 2304 957 2337 dolor,
976 2304 1120 2333 Vrbicus
1139 2303 1249 2333 infans
1295 2301 1371 2340 VII,
1392 2303 1443 2340 96.

305 2352 470 2390 Coniugis
486 2351 635 2380 audisset
652 2349 754 2379 fatum
773 2358 846 2378 cum
866 2348 983 2377 Porcia
1002 2347 1097 2377 Bruti
1146 2346 1171 2381 Ι,
1189 2357 1241 2385 42,

304 2396 493 2427 Consilium
511 2393 637 2424 formae
655 2392 829 2432 speculum
846 2391 1018 2429 dulcisque
1039 2390 1179 2429 capillos
1226 2389 1286 2420 IX.
1309 2390 1356 2420 16.

305 2439 500 2476 Constituit,
520 2437 726 2474 Philomuse,
745 2440 840 2475 pater
856 2435 915 2465 tibi
933 2435 1023 2464 milia
1040 2434 1118 2464 bina
1166 2433 1226 2471 ΙΙΙ,
1249 2443 1296 2464 10.
