1684 2763
841 131 1309 170 EPIGRAMMA‘I'ON
1346 134 1395 170 LI
1407 135 1444 171 B.
1480 132 1492 170 ’1

649 243 810 282 XCVII

164 314 266 351 Cum
298 314 469 351 clamant
499 326 649 360 omnes,
682 313 853 363 loqueris
883 321 988 361 tunc,
1022 316 1208 361 Naevole,
1243 323 1408 361 tantum,

217 386 255 416 et
285 387 322 416 te
353 386 561 428 patronum
592 378 918 429 causidicumque
948 387 1072 429 putas.

164 446 236 482 hac
267 444 416 482 ratione
447 452 575 494 potest
605 458 724 483 nemo
754 458 834 482 non
865 458 950 483 esse
979 445 1158 484 disertus.

220 511 333 553 Ecce,
368 518 498 548 tacent
529 523 694 549 omnes:
736 511 924 557 Naevole,
957 510 1021 548 dic
1050 510 1211 561 aliquid.

631 604 814 642 XCVIII

166 674 306 723 Litigat
337 682 375 712 et
406 675 578 724 podagra
610 674 821 720 Diodorus,
856 676 1006 721 Flacce,
1038 675 1199 713 laborat.

218 741 287 778 sed
319 739 371 777 nil
402 748 569 790 patrono
600 739 782 790 porrigit:
822 741 920 778 haec
949 741 1135 790 cheragra
1165 749 1234 779 est.

647 834 785 872 XCIX

266 906 359 942 Non
390 906 552 954 plenum
583 905 705 943 modo
734 904 852 942 vicies
883 905 1070 951 habebas,

271 971 341 1007 sed
372 978 450 1006 tam
481 969 667 1019 prodigus
697 977 816 1019 atque
845 969 1014 1007 liberalis

271 1043 309 1072 et
340 1042 419 1072 tam
450 1036 578 1072 lautus
607 1048 702 1080 eras,
735 1035 895 1081 Calene,
928 1042 970 1073 ut
999 1049 1138 1074 omnes

271 1107 452 1150 optarent
482 1099 553 1138 tibi
583 1099 731 1138 centies
759 1099 887 1137 amici.

275 1166 397 1203 Audit
427 1173 518 1203 vota
547 1166 645 1204 deus
675 1178 891 1215 precesque
921 1174 1073 1204 nostras
1482 1183 1498 1212 5

271 1239 391 1280 atque
421 1230 533 1279 intra,
563 1239 671 1281 puto,
702 1230 889 1281 septimas
920 1232 1123 1270 Kalendas

274 1305 418 1335 mortes
448 1297 524 1335 hoc
554 1296 625 1334 tibi
654 1304 839 1346 quattuor
868 1298 1073 1335 dederunt.

271 1370 311 1399 at
342 1370 382 1400 tu
412 1362 466 1399 sic
497 1362 608 1412 quasi
639 1375 718 1399 non
750 1364 848 1400 foret
877 1362 1066 1409 relictum,

273 1428 342 1465 sed
373 1435 526 1476 raptum
557 1427 627 1465 tibi
657 1427 816 1473 centies,
847 1427 964 1465 abisti

274 1493 312 1530 in
343 1500 491 1530 tantam
523 1492 639 1530 miser
667 1492 931 1539 esuritionem,
1467 1510 1504 1531 10

277 1566 317 1596 ut
347 1557 527 1596 convivia
556 1558 857 1607 sumptuosiora,

274 1631 358 1661 toto
388 1636 489 1672 quae
519 1625 640 1661 semel
669 1637 834 1673 apparas
864 1623 902 1660 in
932 1637 1049 1669 anno,

274 1688 405 1738 nigrae
435 1688 617 1727 sordibus
647 1688 818 1739 explices
849 1697 1041 1735 monetae,

273 1762 311 1792 et
340 1762 492 1804 septem
522 1762 671 1792 veteres
701 1753 757 1792 tui
786 1755 941 1792 sodales

275 1827 502 1858 constemus
533 1819 603 1857 tibi
633 1820 820 1869 plumbea
849 1819 1001 1857 selibra.
1466 1835 1499 1866 15

278 1884 387 1932 Quid
417 1884 581 1934 dignum
614 1884 760 1923 meritis
790 1898 996 1935 precemur
1025 1884 1139 1922 istis?

276 1958 461 2000 optamus
492 1950 562 1988 tibi
593 1950 729 1997 milies,
763 1951 922 1989 Calene.

277 2018 352 2054 hoc
383 2015 413 2053 si
444 2015 661 2066 contigerit,
693 2017 796 2054 fame
826 2015 981 2065 peribis.

713 2104 746 2142 C

170 2176 368 2212 Mammas
397 2183 516 2224 atque
546 2181 644 2212 tatas
675 2175 794 2212 habet
824 2175 929 2220 Afra,
960 2174 1030 2211 sed
1060 2173 1144 2223 ipsa
1174 2182 1339 2210 tatarum

222 2239 300 2278 dici
330 2248 368 2278 et
398 2253 660 2278 mammarum
691 2239 860 2277 maxima
890 2252 1062 2277 mamma
1091 2246 1230 2288 potest.

213 2343 341 2373 XCVII
366 2343 439 2374 lmb.
466 2344 495 2374 T
640 2354 653 2374 1
682 2348 705 2374 t.
737 2343 796 2378 NA
829 2348 864 2373 tu
896 2342 1043 2381 gneuule
1076 2341 1131 2371 BA
1156 2340 1231 2382 (scd
1252 2341 1285 2370 1'11
1310 2340 1422 2369 [emm.
1454 2349 1499 2367 Αι·

171 2397 333 2417 NEVOLVM
355 2411 361 2418 .
380 2411 387 2418 .
410 2388 436 2427 .>
571 2397 589 2425 4
613 2387 761 2425 gneuule
778 2387 832 2416 BA

216 2430 332 2461 XCIX
356 2430 430 2461 hab.
458 2430 486 2460 T
629 2440 646 2469 7
672 2435 759 2460 mort
778 2430 848 2470 (sic)
868 2434 919 2460 est
937 2439 991 2469 qu.
1011 2430 1092 2468 (0111.
1112 2428 1174 2458 hoc
1192 2427 1264 2466 tibi)
1289 2426 1318 2456 T
1464 2435 1498 2471 [ἦ

169 2484 313 2513 appares
336 2474 364 2504 T
452 2484 488 2512 17
509 2478 664 2512 optamus
678 2473 791 2504 ΑΑΕΑ
806 2484 814 2504 t
831 2478 986 2512 optemus
997 2472 1052 2502 BA
1312 2468 1339 2499 C
1363 2467 1435 2497 lmb.
1463 2466 1481 2496 7
