1684 2763
193 176 250 213 M.
281 175 404 213 VAL.
439 173 752 211 MARTIALIS

191 285 419 335 desperasse
448 283 554 322 iuvat
582 282 702 322 veluti
730 282 808 320 iam
837 290 951 332 rupta
979 295 1155 320 sororum

245 351 310 387 fila
324 364 334 397 3
367 348 497 387 minus
525 350 699 399 gaudent
727 347 795 398 qui
823 347 988 386 timuere
1017 347 1123 385 nihil.

193 416 351 464 Hypne,
383 414 479 464 quid
509 421 700 463 expectas,
731 412 870 462 piger?
907 412 1114 450 inmortale
1149 413 1357 450 Falernum
1498 430 1515 460 5

244 480 378 525 funde,
409 491 544 517 senem
573 485 743 528 poscunt
771 477 862 515 talia
890 484 981 515 vota
1009 478 1176 516 cadum:

191 543 433 594 quincunces
462 551 501 581 et
530 556 596 581 sex
624 543 786 591 cyathos
815 542 1030 591 besemque
1059 542 1252 588 bibamus,
1302 563 1309 569 ·

246 610 376 647 GA1vs
405 616 448 646 ut
476 609 543 645 fiat
573 609 713 645 Ivmvs
742 614 780 644 et
810 608 1037 644 PRochvs.

646 711 847 747 XXXVII

191 787 309 834 Zoile,
341 785 436 836 quid
466 794 548 824 tota
575 798 772 835 gemmam
802 785 1050 835 praecingere
1079 786 1175 823 libra

244 860 282 890 te
312 851 417 889 iuvat
446 859 484 888 et
513 850 698 888 miserum
727 851 890 900 perdere
923 852 1197 900 sardonycha?

191 917 331 954 anulus
360 915 432 953 iste
462 915 537 952 tuis
566 916 690 952 fuerat
720 916 841 953 modo
871 915 1046 953 cruribus
1075 922 1212 965 aptus:

246 994 326 1019 non
356 982 495 1019 eadem
525 980 655 1030 digitis
685 981 860 1030 pondera
889 980 1139 1019 conveniunt.

634 1081 858 1117 XXXVIII

194 1157 322 1195 Mulio
351 1155 486 1205 viginti
515 1156 621 1193 venit
652 1156 772 1193 modo
803 1155 973 1202 milibus,
1003 1157 1114 1194 Aule.

246 1221 395 1260 miraris
423 1220 591 1270 pretium
622 1228 700 1257 tam
729 1222 874 1269 grave?
911 1222 1051 1258 surdus
1081 1228 1173 1259 erat.

650 1320 829 1355 XXXIX

195 1398 395 1435 Cunarum
425 1396 552 1433 fueras
583 1402 720 1439 motor,
753 1394 1000 1440 Charideme‚
1033 1407 1206 1432 mearum

247 1469 285 1499 et
315 1459 424 1509 pueri
453 1467 585 1496 custos
615 1458 884 1508 adsiduusque
913 1472 1057 1496 comes.

194 1526 270 1563 iam
301 1524 397 1562 mihi
426 1524 649 1573 nigrescunt
678 1531 793 1561 tonsa
821 1523 976 1561 sudaria
1006 1524 1125 1561 barba

248 1598 285 1628 et
315 1589 488 1638 queritur
518 1588 634 1625 labris
664 1595 810 1637 puncta
840 1590 969 1637 puella
999 1588 1119 1626 meis:

195 1656 264 1693 sed
295 1654 365 1691 tibi
394 1667 474 1691 non
504 1654 630 1690 crevi:
671 1661 708 1690 te
738 1660 869 1690 noster
897 1652 1033 1690 vilicus
1063 1653 1201 1698 horret,
1505 1668 1521 1698 5

249 1727 286 1756 te
315 1718 572 1767 dispensator,
603 1725 641 1755 te
670 1719 812 1755 domus
841 1717 925 1766 ipsa
953 1725 1077 1766 pavet.

196 1785 330 1822 ludere
359 1796 433 1820 nec
462 1782 576 1819 nobis
607 1795 679 1819 nec
709 1790 749 1819 tu
780 1781 970 1830 permittis
998 1795 1155 1827 amare3

251 1847 304 1884 nil
335 1846 429 1883 mihi
459 1846 516 1883 vis
545 1854 583 1883 et
612 1845 668 1883 vis
697 1853 840 1882 cuncta
868 1845 983 1883 licere
1012 1845 1082 1883 tibi

197 1910 366 1961 corripis,
399 1910 593 1956 observas,
625 1908 806 1958 quereris,
839 1908 1002 1958 suspiria
1031 1909 1152 1954 ducis

251 1983 289 2013 et
318 1975 379 2012 vix
408 1988 430 2012 a
458 1974 588 2012 ferulis
619 1981 809 2023 temperat
838 1973 891 2010 ira
920 1981 996 2011 tua.
1486 1989 1524 2011 10

243 2077 392 2107 XXXVI
418 2087 437 2116 5
461 2077 588 2107 falerno
607 2075 657 2105 CA
854 2085 870 2113 7
894 2075 1075 2114 quicunces
1095 2075 1143 2105 CA
1255 2075 1456 2114 bessemque
1476 2075 1525 2106 CA

199 2120 368 2151 XXXVII
393 2120 466 2151 lmb.
488 2119 536 2158 T;
561 2129 611 2149 vv.
628 2128 692 2157 3-4
710 2118 781 2148 hab.
802 2118 834 2147 R
1044 2128 1055 2147 1
1083 2122 1186 2148 totam
1203 2118 1258 2147 BA
1346 2128 1477 2156 gemma
1500 2118 1528 2148 T

199 2165 316 2194 libram
332 2163 380 2194 CA
486 2173 506 2192 2
529 2162 738 2192 sardonicam
758 2161 865 2201 (-ich-,
885 2161 970 2201 —yc-)
995 2161 1073 2191 TCA
1177 2170 1197 2199 3
1221 2162 1286 2191 tuis
1304 2162 1366 2201 (R)
1385 2161 1434 2191 vel
1447 2166 1523 2191 tuus

201 2208 267 2242 (Ti
286 2207 366 2236 AA:
397 2207 462 2236 tuis
487 2217 525 2236 ex
547 2211 624 2236 tuus
649 2209 686 2235 ut
707 2204 770 2235 vid.
791 2205 846 2235 ΒΑ
872 2206 928 2243 gila
949 2205 987 2241 L,
1007 2210 1084 2234 tuus
1102 2203 1141 2242 P,
1169 2205 1234 2234 tuis
1259 2204 1326 2244 Qf)
1347 2216 1353 2235 :
1385 2205 1451 2234 tuis
1476 2204 1524 2234 CA

200 2250 388 2280 XXXVIII
416 2259 429 2279 1
456 2254 553 2280 aucte
570 2248 618 2279 CA
633 2252 713 2285 (non
727 2246 788 2287 X),
802 2247 857 2277 sed
869 2248 902 2277 in
921 2248 1032 2277 lemm.
1050 2257 1097 2277 AD
1114 2257 1233 2277 AVLVM
1367 2247 1523 2277 XXXIX

209 2293 279 2323 lmb.
306 2293 335 2323 T
539 2303 557 2322 2
573 2291 790 2330 adsiduisque
812 2291 841 2320 T
1000 2302 1019 2329 4
1043 2290 1155 2320 iuncta
1171 2290 1252 2321 AA:
1275 2294 1400 2329 puncta
1415 2289 1523 2320 BACA

201 2336 320 2376 puellis
339 2336 436 2376 <-aeis
451 2338 474 2366 ΖΝ
496 2334 545 2366 CA
562 2339 598 2364 ut
614 2334 677 2365 vid.
699 2335 826 2374 <puella
842 2334 907 2364 tuis
922 2332 965 2372 X,
986 2334 1095 2372 puella
1112 2334 1181 2364 suis
1200 2333 1249 2371 V>
1375 2342 1395 2371 5
1420 2333 1525 2363 crevit

201 2379 317 2409 AABA
337 2390 343 2408 :
368 2378 455 2409 crevi
481 2378 529 2408 CA
639 2379 660 2408 6
684 2377 758 2416 ipse
781 2377 809 2407 T
913 2387 934 2416 9
956 2377 1070 2415 queris
1092 2377 1121 2406 T
1231 2386 1270 2407 10
1294 2381 1459 2416 temperat
1476 2377 1524 2406 ira

200 2433 259 2453 sua
278 2423 337 2451 ΑΛ
355 2426 426 2464 (tua
446 2421 642 2461 Bevcrland)
657 2433 664 2451 :
690 2421 838 2451 abstinet
856 2420 903 2450 ira
920 2430 1051 2450 manum
1070 2419 1178 2450 ΒΑΕΑ
