1684 2763
230 141 286 178 M.
317 142 439 179 VAL.
473 142 787 181 MARTIALIS

227 259 267 289 tu
299 251 395 290 mihi
425 253 680 303 simplicibus,
714 253 837 301 Mani,
869 255 1036 293 dilectus
1065 256 1115 294 ab
1145 255 1259 294 annis

281 326 318 356 et
348 326 586 368 praetextata
616 321 743 358 cultus
772 320 955 368 amicitia,

227 390 267 421 tu
297 383 391 422 facis
406 399 416 432 3
454 383 494 422 in
524 385 632 423 terris
663 398 742 435 quo
772 399 853 424 non
882 393 941 424 est
969 388 1066 425 alter
1101 387 1262 426 Hiberis
1537 401 1554 433 5

281 450 432 488 dulcior
461 458 499 489 et
528 464 620 489 vero
649 451 792 501 dignus
821 465 955 491 amore
989 452 1122 502 magis

225 522 357 553 tecum
387 528 460 565 ego
489 517 549 553 vel
579 515 672 554 sicci
703 517 871 555 Gaetula
900 517 1068 567 mapalia
1098 517 1222 556 Poeni

279 588 316 618 et
346 588 523 630 poteram
553 580 753 629 Scythicas
783 582 928 630 hospes
957 595 1088 620 amare
1118 595 1237 620 casas.

225 645 263 683 Si
293 644 364 683 tibi
395 659 506 683 mens
536 647 686 692 eadem,
719 645 749 683 si
781 645 902 683 nostri
932 654 1069 685 mutua
1098 660 1191 685 cura
1220 655 1287 694 est,

279 710 317 747 in
348 723 602 760 quocumque
632 711 722 749 loco
753 712 884 749 Roma
913 711 1071 750 duobus
1101 711 1183 750 erit.
1516 729 1556 752 10

644 810 745 846 XIV
775 808 916 860 (XIII)

224 881 326 917 (jum
357 878 707 921 lcathedratalios³r
737 887 864 930 portet
894 880 965 919 tibi
995 882 1112 919 raeda
1141 880 1338 920 ministros

277 952 314 982 et
345 944 464 993 Libys
493 943 532 981 in
563 945 681 994 longo
711 946 870 995 pulvere
899 947 1015 984 sudet
1044 959 1175 996 equeS‚

222 1017 418 1058 strataque
448 1023 528 1047 non
558 1023 656 1047 uuas
685 1009 843 1059 cingant
872 1010 1038 1049 triclinia
1068 1010 1182 1050 Baias

276 1082 313 1112 et
343 1074 480 1113 Thetis
510 1082 713 1124 unguento
743 1076 885 1125 palleat
915 1084 1034 1114 uncta
1063 1084 1142 1123 tuo,

223 1139 393 1177 candida
422 1138 543 1177 Setini
574 1147 757 1189 rumpant
787 1142 966 1189 crystalla
995 1140 1164 1187 tticum,
1534 1156 1550 1187 5

275 1204 443 1243 dormiat
473 1204 512 1241 in
542 1206 676 1254 pluma
705 1218 778 1243 nec
808 1205 968 1243 meliore
997 1207 1157 1244 Venus:

224 1271 273 1308 ad
305 1277 498 1308 nocturna
527 1269 630 1308 iaces
660 1271 830 1308 fastosae
859 1270 995 1308 limina
1025 1272 1215 1309 moechae

277 1343 313 1373 et
344 1336 475 1373 madet
505 1335 609 1372 heu!
650 1335 818 1373 lacrimis
849 1334 965 1373 ianua
994 1337 1112 1374 surda
1141 1336 1227 1382 tuis,

223 1414 331 1438 urere
362 1413 434 1437 nec
466 1399 650 1437 miserum
681 1407 835 1438 cessant
866 1400 1030 1450 suspiria
1059 1408 1209 1450 pectus.

274 1465 344 1503 Vis
374 1465 503 1502 dicam
534 1465 636 1502 male
665 1464 713 1502 sit
743 1478 810 1502 cur
840 1464 921 1512 tibi,
955 1466 1101 1504 Cotta?
1132 1465 1235 1503 bene
1265 1472 1334 1502 cst.
1514 1482 1552 1503 10

661 1565 737 1601 XV
767 1564 901 1615 (XIV)

222 1636 374 1673 (ledere
404 1635 453 1672 de
483 1632 625 1671 nostris
655 1633 749 1671 nulli
781 1641 819 1672 te
848 1634 946 1672 dicis
975 1634 1124 1673 amicis.

275 1701 355 1745 sed,
387 1699 434 1736 sit
464 1706 505 1736 ut
536 1699 611 1736 hoc
642 1712 787 1745 verum,
820 1699 927 1748 quid,
960 1713 1065 1749 rogo,
1099 1699 1247 1749 Crispe,
1280 1699 1403 1737 facis?

222 1772 357 1802 mutua
386 1777 475 1801 cum
506 1771 680 1813 peterem
713 1763 888 1802 sestertia
917 1764 1104 1814 quinque,
1136 1763 1296 1814 negasti,

274 1842 354 1867 non
384 1836 540 1878 caperet
569 1841 754 1865 nummos
783 1841 873 1865 cum
903 1827 1028 1876 gravis
1056 1840 1146 1866 arca
1174 1835 1274 1866 tuos.

265 1931 350 1961 XIII
376 1941 396 1969 3
421 1930 509 1961 inani
533 1930 674 1960 dilectus
693 1929 771 1959 BA:
811 1934 1005 1960 mansuetus
1025 1928 1073 1960 CA
1099 1931 1180 1969 (pro
1206 1929 1296 1959 Mani
1323 1930 1547 1969 consuetusl)

219 1986 237 2013 4
263 1973 585 2014 praetextateculius
611 1977 647 2002 ut
666 1973 727 2003 vid.
750 1972 795 2003 CA
815 1975 1006 2012 (praetexta
1029 1973 1166 2003 cecilius
1185 1974 1305 2013 (caecd
1324 1973 1432 2013 EAV,
1452 1984 1548 2013 prae-

219 2022 348 2048 textate
366 2017 461 2048 uiciis
477 2016 520 2053 X,
534 2022 766 2056 praetextatae
785 2016 868 2046 ciuis
886 2016 932 2048 C&
1004 2016 1170 2047 amicitiae
1189 2016 1235 2046 CA
1255 2018 1346 2057 (cum
1363 2015 1407 2057 L)
1528 2027 1547 2056 5

219 2062 309 2100 quod
330 2061 378 2091 CA
468 2065 575 2091 mater
603 2060 652 2090 CA
794 2062 814 2090 6
838 2060 968 2090 dulcius
997 2059 1045 2090 CA
1188 2070 1204 2098 7
1230 2060 1326 2100 sicci]
1356 2061 1404 2090 sic
1433 2064 1466 2090 et
1499 2060 1547 2090 CA

219 2106 238 2133 8
263 2104 458 2144 Scythicas]
476 2103 627 2134 setubias
645 2107 680 2132 n!
695 2102 759 2133 vid.
782 2103 829 2133 CA
849 2108 899 2139 (se
916 2103 1014 2133 tibias
1029 2103 1092 2132 EA
1101 2102 1136 2142 V,
1160 2103 1299 2133 secubas
1318 2102 1396 2142 XC)
1486 2103 1548 2133 hos

220 2153 253 2177 et
263 2148 340 2179 ΑΑε
366 2148 491 2186 hospes
503 2147 557 2177 BA
573 2159 580 2178 ε
602 2148 701 2177 hoste
717 2151 751 2176 nt
762 2146 826 2178 vid.
843 2146 889 2177 CA
903 2147 1025 2187 (hostis
1036 2145 1085 2185 X)
1167 2157 1187 2185 9
1207 2146 1341 2186 eadem]
1356 2146 1484 2176 caelum
1498 2146 1547 2177 CA

264 2191 346 2221 XIV
369 2202 418 2222 vv.
442 2201 512 2229 με,
534 2201 618 2229 7-10
639 2191 711 2221 lmb.
745 2190 773 2220 T
882 2200 894 2219 1
924 2191 1177 2221 cotathedratos
1206 2189 1251 2220 T:
1284 2190 1547 2220 cathedratalios

220 2235 272 2264 BA
290 2245 297 2265 :
321 2235 500 2264 cathedras
516 2235 601 2264 alius
615 2233 660 2264 CA
679 2245 685 2263 :
710 2233 966 2264 cathedralicios
978 2232 1063 2271 aaz„
1086 2232 1253 2262 Turnebus
1340 2237 1450 2272 portat
1471 2233 1547 2263 TCA

221 2278 345 2317 praeda
370 2277 419 2307 CA
529 2288 547 2306 2
572 2278 668 2307 sedet
691 2276 720 2306 T
818 2287 838 2315 3
862 2277 950 2307 linas
966 2277 1084 2316 pingat
1099 2275 1156 2306 BA
1173 2277 1247 2317 (pro
1262 2286 1346 2306 unas
1363 2276 1521 2315 pingant)
1539 2287 1546 2306 ε

222 2332 287 2352 una
304 2322 412 2360 tingat
431 2320 478 2350 CA
494 2332 499 2350 ;
525 2331 601 2350 corr.
619 2320 693 2351 Ital*
871 2331 890 2358 4
916 2325 990 2350 toro
1009 2319 1055 2350 CA
1229 2330 1245 2358 7
1271 2319 1377 2359 iaces]
1396 2319 1494 2349 uenis
1510 2318 1548 2348 N

222 2365 327 2395 fastus
345 2375 381 2394 ac
398 2364 418 2394 1.
437 2364 483 2394 ΕΛ
542 2364 664 2394 lumina
684 2363 712 2393 T
762 2364 896 2394 moethe
915 2363 963 2394 CA
982 2364 1030 2404 (et
1040 2367 1102 2402 pro
1116 2363 1168 2401 ec)
1245 2373 1284 2393 10
1307 2367 1397 2393 cotta
1408 2362 1543 2394 AABA:

221 2414 317 2438 tucca
336 2408 381 2438 CA
397 2407 466 2447 (sed
477 2407 509 2437 in
527 2408 636 2438 lcmm.
654 2417 701 2437 AD
718 2406 866 2445 εοττΑΜ)
1191 2405 1255 2436 XV
1278 2405 1351 2436 hab.
1376 2405 1406 2436 T
1525 2415 1544 2435 2

220 2452 368 2490 quidque
388 2451 450 2492 (vel
471 2451 565 2491 quid)
585 2461 668 2490 puer
686 2451 757 2490 ipse
774 2450 852 2480 facit
871 2449 917 2481 CA
1034 2460 1053 2488 4
1073 2454 1283 2489 nuncaperet
1302 2449 1346 2479 CA
1363 2451 1400 2478 ut
1414 2448 1479 2480 vid.
