1684 2763
245 146 300 182 M.
334 146 454 182 VAL.
488 146 802 184 MARTIALIS

351 270 457 294 nunc
486 265 544 295 est
573 257 726 295 reddita
754 257 922 308 dignitas
952 258 1168 308 equestris3

351 322 464 359 turba
493 336 572 359 non
603 322 825 371 premimur,
858 337 931 361 nec
961 323 1260 373 inquinamur’:

351 387 448 424 haec
477 394 514 424 et
544 386 635 424 talia
664 389 759 425 dum
790 389 904 426 refert
933 388 1111 438 supinus,

350 450 433 489 illas
463 465 675 501 purpureas
705 460 743 490 et
770 454 1005 503 adrogantes

350 516 459 554 iussit
488 530 642 566 surgere
672 519 807 555 Le'r‘tus
836 519 1020 556 lacernas.

772 619 831 656 IX

243 688 524 737 Languebam:
565 690 634 726 sed
665 697 704 726 tu
737 688 945 726 comitatus
975 688 1152 738 protinus
1181 691 1231 727 ad
1263 703 1325 728 me

294 752 432 790 venisti
463 761 633 800 centum,
666 755 910 803 Symmache,
943 753 1157 803 discipulis.

240 826 398 855 centum
430 832 493 856 me
523 818 681 867 tetigere
711 832 850 857 manus
878 818 1064 868 aquilone
1092 821 1270 869 gelatae:

295 896 373 921 non
404 883 523 921 habui
554 884 715 931 febrem,
747 885 994 934 Symmache,
1027 898 1132 923 nunc
1163 885 1303 923 habeo.

776 996 811 1031 X

240 1065 363 1101 ‘Esse
392 1063 487 1112 quid
518 1065 594 1102 hoc
623 1063 752 1102 dicam
784 1063 878 1101 vivis
909 1065 1016 1113 quod
1047 1065 1150 1101 fama
1180 1071 1341 1114 negatur

293 1136 330 1166 et
360 1142 429 1166 sua
458 1130 565 1178 quod
596 1142 702 1167 rarus
732 1137 909 1179 tempora
938 1131 1061 1167 lector
1089 1131 1244 1167 amat?'

242 1193 295 1230 Hi
326 1200 416 1231 sunt
446 1193 615 1232 invidiae
645 1194 840 1240 nimirum,
874 1195 1036 1243 Regule,
1068 1206 1208 1240 mores,

292 1260 480 1307 praeferat
509 1258 692 1308 antiquos
722 1272 877 1308 semper
906 1267 947 1297 ut
977 1258 1041 1296 illa
1071 1258 1193 1296 novis.

238 1322 292 1360 sie
321 1330 491 1361 veterem
523 1323 660 1372 ingrati
692 1323 855 1372 Pompei
885 1323 1109 1372 quaerimus
1140 1323 1333 1370 umbram,

291 1384 345 1422 sic
376 1386 537 1423 laudant
568 1385 697 1424 Catuli
728 1385 817 1423 vilia
847 1387 993 1434 templa
1023 1399 1148 1432 senes,

241 1449 389 1488 Ennius
419 1459 477 1488 est
507 1452 629 1488 lectus
659 1452 766 1489 salvo
796 1451 877 1497 tibi,
910 1452 1051 1497 Roma,
1086 1452 1276 1499 Marone3

291 1523 327 1552 et
357 1528 426 1553 sua
456 1515 619 1554 riserunt
650 1517 806 1554 saecula
838 1515 1092 1562 Maeoniden,

236 1593 318 1617 rara
347 1588 536 1618 coronato
566 1582 742 1630 plausere
772 1582 921 1619 theatra
952 1582 1190 1627 Menandro,

291 1654 400 1683 norat
432 1647 632 1683 Nasonem
664 1648 747 1684 sola
778 1645 952 1685 Corinna
982 1659 1107 1683 suum.

240 1713 318 1747 Vos
350 1719 480 1748 tamen
511 1724 535 1748 ο
566 1711 686 1748 nostri
718 1725 766 1749 ne
797 1711 977 1749 festinate
1008 1709 1153 1749 libelli:

290 1775 319 1812 si
351 1783 438 1825 post
468 1777 544 1813 fata
573 1776 678 1813 venit
707 1775 839 1825 gloria,
871 1789 949 1813 non
981 1788 1157 1825 propero.

758 1874 817 1910 XI
1255 1874 1324 1887 W*

235 1945 517 1993 Sardonychas,
549 1944 787 1993 zmaragdos,
818 1944 1060 1989 adamantas,
1092 1942 1262 1992 iaspidas
1293 1955 1372 1980 uno

288 2016 413 2046 versat
443 2008 481 2045 in
511 2008 674 2046 articulo
704 2009 833 2054 Stella,
866 2009 1016 2054 Severe,
1050 2021 1171 2045 meus.

235 2074 375 2110 multas
405 2073 444 2110 in
475 2073 615 2123 digitis,
647 2075 776 2122 plures
806 2072 845 2110 in
875 2072 1048 2110 carmine
1077 2085 1254 2121 gemmas

289 2137 488 2175 invenies:
527 2138 619 2175 inde
648 2145 705 2175 est
736 2139 844 2183 haec,
877 2145 984 2186 puto,
1016 2139 1121 2174 culta
1151 2149 1300 2174 manus.

278 2240 358 2270 VIII
388 2250 422 2270 11
450 2240 503 2270 illa
529 2240 581 2270 BA
718 2250 754 2270 12
778 2240 875 2271 lelius
892 2239 945 2269 BA
964 2251 970 2270 z
997 2239 1104 2269 lectus
1124 2239 1169 2269 CA
1190 2237 1303 2279 gleitus
1319 2237 1352 2268 E
1366 2249 1404 2269 cx
1419 2239 1516 2279 corr.)

282 2284 329 2313 IX
353 2284 424 2314 hab.
451 2283 511 2313 ΤΕ

1531 404 1570 427 10

1524 1661 1564 1682 10

277 2327 309 2357 X
333 2326 407 2358 lmb.
430 2327 473 2365 T3
499 2338 546 2357 vv.
564 2337 627 2365 3—4
646 2327 716 2357 lmh.
738 2327 770 2355 R
914 2337 926 2357 1
955 2326 1040 2356 same
1060 2326 1105 2355 CA
1260 2334 1280 2363 3
1304 2325 1419 2356 insunt
1436 2324 1489 2354 BA
1510 2325 1558 2365 (in

231 2377 290 2410 pro
307 2370 354 2401 hi}
372 2382 378 2400 :
403 2371 464 2400 hae
483 2371 580 2408 <haec
597 2369 692 2399 ΑῙΒ1
712 2380 738 2400 s.
760 2370 805 2399 (Ἀ
939 2381 957 2408 4
982 2369 1129 2407 antiquis
1144 2368 1189 2398 CA

278 2413 326 2444 XI
361 2414 434 2445 hab.
467 2413 496 2443 T
622 2423 640 2443 2
675 2418 785 2452 portat
811 2413 921 2443 ΑΑίἏ
946 2413 995 2452 <ch
1017 2412 1095 2449 XII,
1118 2422 1169 2450 7³:
1196 2416 1308 2442 versat
1326 2411 1378 2440 BA
