1684 2715
167 99 222 135 M.
256 99 379 136 VAL.
410 100 723 138 MARTIALIS

730 211 828 248 XVI

165 283 264 318 Sunt
295 280 410 326 bona,
443 287 533 318 sunt
562 280 758 330 quaedam
788 280 1013 327 mediocria,
1045 289 1135 319 sunt
1166 283 1267 320 mala
1297 284 1406 332 plura

219 358 320 394 quae
350 344 445 394 legis
475 344 562 383 hic:
592 344 704 384 aliter
732 359 813 384 non
843 347 895 393 fit,
928 346 1054 393 Avite‚
1086 346 1192 386 liber.

715 457 838 494 XVII

274 531 391 581 Cogit
421 545 484 570 me
513 531 628 570 Titus
656 532 816 571 actitare
845 546 982 571 causas

274 604 311 634 et
341 596 436 634 dicit
466 596 562 634 mihi
591 610 708 647 saepe
741 599 911 647 ‘Magna
940 612 999 636 res
1029 600 1110 637 est.’

276 663 356 699 Res
387 675 528 711 magna
557 669 624 708 est,
656 662 757 708 Tite,
790 676 908 711 quam
940 662 1030 701 facit
1060 665 1235 702 colonus

705 778 851 815 XVIII

168 853 276 902 Quid
307 860 354 898 te,
387 854 535 899 Tucca,
565 852 669 891 iuvat
699 855 831 891 vetulo
862 853 1025 893 miseere
1057 856 1223 893 Falerno

221 917 260 955 in
292 917 491 955 Vaticanis
521 917 683 956 condita
712 926 840 956 musta
868 920 1006 958 cadis?

168 982 263 1032 quid
295 990 447 1020 tantum
478 983 603 1020 secere
634 983 728 1021 boni
759 982 829 1021 tibi
859 984 1028 1033 pessima
1058 985 1178 1023 vina?

221 1056 287 1086 aut
317 1047 413 1097 quid
444 1049 619 1086 fecerunt
649 1048 798 1098 optima
827 1049 917 1086 vina
947 1050 1071 1088 mali?

169 1115 218 1152 de
249 1112 364 1151 nobis
393 1112 506 1151 facile
536 1120 605 1159 est,
637 1115 764 1151 scelus
794 1122 852 1152 est
882 1113 1055 1164 iugulare
1088 1117 1295 1154 Falernum
1482 1133 1499 1162 5

223 1186 260 1216 ct
289 1179 382 1216 dare
413 1179 620 1227 Campano
649 1178 777 1216 toxica
805 1192 921 1217 saeva
950 1193 1067 1218 mero.

169 1243 357 1282 convivae
387 1257 563 1281 meruere
592 1243 646 1281 tui
678 1245 840 1282 fortasse
870 1244 1016 1294 perire:

223 1309 414 1358 amphora
444 1322 523 1347 non
555 1309 695 1347 meruit
724 1316 804 1347 tam
835 1309 1003 1359 pretiosa
1034 1310 1142 1348 mori.

734 1420 833 1456 XIX

172 1494 210 1532 Si
242 1494 414 1541 memini,
446 1496 598 1533 fuerant
628 1494 698 1532 tibi
728 1503 923 1544 quattuor,
956 1495 1078 1542 Aelia,
1110 1496 1271 1534 dentes:

225 1559 372 1609 expulit
403 1573 481 1598 una
509 1561 610 1598 duos
641 1561 756 1598 tussis
787 1568 825 1598 et
854 1574 932 1598 una
962 1562 1074 1599 duos.

173 1625 248 1662 iam
280 1638 416 1663 secura
444 1632 556 1674 potes
587 1625 678 1663 totis
709 1624 848 1664 tussire
878 1625 1045 1664 diebus:

228 1690 279 1727 nil
311 1690 396 1727 istic
425 1691 534 1739 quod
563 1698 651 1739 agat
681 1690 793 1728 tertia
823 1690 937 1728 tussis
968 1691 1096 1728 habet.

179 1870 250 1908 Dic
282 1869 387 1915 mihi,
420 1870 506 1919 quis
537 1871 641 1908 furor
670 1872 758 1909 est?
785 1871 899 1909 turba
928 1878 1130 1920 spectante
1160 1878 1297 1909 vocata

228 1936 333 1973 solus
366 1936 529 1982 boletos,
562 1935 798 1982 Caeciliam,
830 1949 953 1974 voras,

176 2000 284 2049 Quid
315 1999 478 2049 dignum
509 2009 619 2039 tanto
650 2000 720 2038 tibi
749 2008 883 2039 ventre
912 2002 1080 2050 gulaque
1111 2001 1331 2050 precabor?

233 2067 412 2103 Boletum
444 2067 600 2115 qualem
632 2065 822 2105 Claudius
852 2065 943 2111 edit,
976 2067 1079 2103 edas.

219 2167 298 2198 XVI
323 2167 394 2198 ltab.
415 2168 447 2197 R
578 2179 596 2198 2
623 2169 658 2199 fit
675 2169 810 2199 AABA:
836 2169 880 2199 Sit
899 2168 948 2199 CA
966 2170 995 2205 (S
1009 2173 1069 2208 pro
1086 2168 1118 2207 f)

175 2210 337 2285 0235(le
363 2211 435 2242 lmh.
456 2211 488 2240 R
716 2214 736 2242 6
760 2223 861 2243 saeua
887 2214 1025 2253 (scaeua
1041 2212 1114 2251 ΑΛ)
1141 2222 1232 2242 mero
1257 2211 1395 2252 AQBA:
1427 2214 1504 2243 uina

221 2298 287 2328 XX
312 2297 384 2328 hab.
402 2298 434 2328 R
506 2308 517 2328 1
542 2297 634 2328 furor
650 2298 718 2339 est]
737 2299 883 2330 furorem
897 2299 930 2329 R
946 2300 1024 2338 (-em
1039 2303 1101 2339 pro
1118 2305 1148 2336 e,
1163 2299 1181 2329 ι’.
1192 2309 1214 2329 ε’.
1235 2299 1300 2338 est)
1378 2309 1397 2337 3
1422 2310 1503 2330 uen-

175 2342 217 2372 tri
237 2342 402 2380 gulaeque
423 2341 564 2382 (Aeque)
584 2342 638 2371 ΒΑ
