1684 2763
207 129 262 164 M.
296 126 416 163 VAL.
450 124 763 162 MARTIALIS

735 236 795 274 IV

315 309 467 347 Censor
496 305 664 344 maxime
693 304 994 355 principumque
1024 303 1216 353 princeps,

315 386 405 410 cum
436 379 493 410 tot
522 371 599 409 iam
629 370 700 409 tibi
729 371 872 409 debeat
903 369 1133 419 triumphos,

316 445 373 476 tot
402 435 603 474 nascentia
632 437 792 484 templa,
822 442 879 472 tot
908 442 1052 480 renata,

317 510 374 540 tot
405 502 638 550 spectacula,
671 508 727 538 tot
757 501 864 545 deos,
896 507 953 537 tot
983 499 1122 537 urbes:

318 568 405 616 plus
436 566 555 604 debet
585 564 656 604 tibi
688 566 819 602 Roma
848 565 956 614 quod
987 563 1133 613 pudica
1162 570 1229 601 est.

748 664 785 698 V

216 734 376 774 Rustica
407 741 600 772 mercatus
631 732 761 770 multis
792 745 877 769 sum
909 731 1068 781 praedia
1099 729 1294 768 nummis:

268 808 402 838 mutua
432 800 501 836 des
532 806 703 844 centum,
737 796 972 842 caeciliane,
1005 808 1109 845 rogo.

215 865 266 902 nil
298 864 391 902 mihi
423 863 669 912 respondes?
725 861 907 899 Tacitum
938 869 975 899 te
1005 861 1135 899 dicere
1164 860 1282 898 credo

270 931 385 966 ‘Non
416 929 556 967 reddes
575 930 607 965 ²:
647 927 749 973 ideo,
782 926 1016 972 Caeciliane,
1048 939 1152 975 rogo.

744 1026 802 1062 VI

218 1097 413 1137 Comoedi
444 1105 518 1135 tres
549 1103 650 1142 sunt,
682 1096 752 1133 sed
781 1101 885 1132 amat
916 1102 981 1132 tua
1012 1094 1141 1139 Paula,
1177 1093 1364 1141 Luperce,

272 1170 481 1212 quattuor:
521 1169 558 1200 et
589 1162 714 1209 κωφὸν
745 1161 865 1197 Paula
894 1160 1095 1209 πρόσωπον
1124 1165 1238 1195 amat.

732 1253 814 1289 VII

223 1326 321 1365 Iulia
351 1327 410 1364 lex
440 1324 594 1375 populis
624 1337 670 1362 ex
699 1336 788 1372 quo,
823 1321 1017 1367 1³austine,
1050 1328 1182 1359 renata
1211 1328 1269 1358 est

275 1399 393 1440 atque
424 1390 563 1427 intrare
593 1389 734 1426 domos
764 1387 867 1425 iussa
898 1385 1091 1424 Pudicitia
1120 1393 1188 1431 cst,

222 1464 287 1494 aut
319 1456 447 1494 miuus
476 1462 543 1492 aut
572 1461 676 1492 certe
706 1466 786 1490 non
817 1453 903 1501 plus
934 1450 1128 1489 tricesima
1158 1451 1222 1488 lux
1251 1456 1318 1495 est,

277 1529 315 1559 et
345 1519 457 1558 nubit
488 1518 644 1557 decimo
675 1517 751 1555 iam
782 1516 966 1555 Telesilla
995 1515 1086 1553 viro.

225 1600 325 1635 quac
356 1585 467 1623 nubit
498 1583 651 1629 todem,
685 1596 764 1620 non
796 1581 933 1619 nubit:
972 1581 1148 1618 adultera
1183 1580 1267 1628 lege
1297 1585 1364 1616 est.

278 1651 457 1688 offendor
487 1649 652 1686 moecha
681 1646 916 1696 simpliciore
946 1645 1085 1683 minus.

736 1741 840 1777 VIII

338 1816 538 1851 Praetores
568 1812 660 1857 duo,
692 1818 875 1859 quattuor
904 1807 1059 1854 tribuni,

338 1886 488 1927 septem
519 1874 716 1921 causidici,
748 1875 886 1912 decem
916 1881 1055 1923 poetae

337 1943 542 1981 cuiusdam
572 1941 693 1978 modo
722 1938 876 1988 nuptias
906 1938 1092 1988 petebant

338 2022 360 2046 a
389 2007 563 2056 quodam
593 2018 696 2043 sene.
757 2005 849 2042 Non
880 2011 1051 2041 moratus
1081 2002 1144 2039 ille

279 2112 323 2142 IV
345 2122 356 2141 1
376 2110 646 2150 principiumque
665 2108 710 2138 CA

275 2156 305 2186 V
328 2155 399 2185 hab.
427 2154 486 2184 TR
545 2163 556 2182 1
585 2153 697 2182 multis
718 2162 791 2182 sum
817 2151 954 2191 praedia
979 2148 1122 2180 nummis
1147 2148 1283 2178 ΑΛΒΑῑ
1317 2145 1460 2177 nummis
1484 2154 1557 2177 sum

233 2199 369 2239 praedia
387 2198 498 2227 multis
517 2197 563 2227 CA

277 2243 321 2272 V1
348 2242 419 2271 Ital).
444 2241 472 2270 T
559 2250 571 2270 1
598 2240 734 2278 luperco
753 2238 800 2269 CA

278 2286 339 2315 VII
366 2285 437 2314 lzal).
464 2285 492 2314 T
558 2294 571 2313 1
598 2294 662 2322 qua
680 2282 727 2312 CA
819 2285 935 2312 renata
951 2280 1063 2310 ΑΛΒΑ
1081 2290 1087 2309 :
1111 2279 1215 2309 relata
1233 2277 1280 2308 CA

237 2329 284 2358 CA
306 2334 381 2368 <pro
399 2329 436 2358 -it
449 2330 472 2365 ἲ)
564 2326 707 2357 telesilla
725 2326 822 2365 gulis-3
840 2324 951 2354 AACA
968 2335 974 2354 :
998 2323 1139 2353 telesina
1159 2322 1238 2361 (th-3
1257 2321 1310 2350 ΒΑ

1412 2287 1431 2314 4
1456 2277 1560 2306 nubet

280 2372 360 2402 V111
387 2371 461 2402 lml).
484 2370 513 2401 T
600 2380 613 2400 1
643 2369 834 2400 Praecones
850 2369 908 2399 AA
1039 2377 1058 2405 4
1083 2371 1231 2397 moratur
1254 2365 1282 2395 T
1296 2363 1423 2404 (essort.
1443 2361 1519 2402 ΑΛ)
