1684 2763
799 129 1268 169 EPIGRAMMATON
1300 132 1351 168 LI
1361 132 1402 169 Β.
1436 132 1468 168 V

244 241 423 278 Bacchus
453 253 572 290 quam
604 241 704 278 solet
734 240 999 287 esuritionem,

242 312 467 343 succurrent
498 305 567 343 tibi
599 305 751 343 nobiles
781 306 917 352 olivae,

246 370 378 408 I'ieeni
410 371 531 409 modo
561 384 658 420 quas
690 372 811 409 tulere
842 371 948 417 rami,
1433 390 1470 410 20

242 443 280 473 et
310 436 461 474 fervens
490 435 592 474 cicer
621 443 659 474 et
689 443 826 485 tepens
857 437 1025 486 lupinus.

245 502 366 538 Parva
395 508 453 538 est
482 501 779 551 cenula‚—quis
810 509 939 551 potest
969 515 1109 552 negare
1126 503 1197 543 ?—,

241 566 311 604 sed
342 567 463 615 finges
495 565 590 603 nihil
619 566 805 605 audiesve
836 567 970 604 fictum

243 638 279 670 et
310 633 416 669 voltu
447 631 624 681 placidus
654 640 722 669 tuo
753 633 985 680 recumbes3

244 710 317 735 nec
347 710 520 734 erassum
551 697 737 736 dominus
767 699 868 747 leget
898 699 1095 744 volumen,
1433 715 1470 745 25

244 776 317 800 nec
346 764 396 800 de
427 762 606 801 Gadibus
636 762 811 812 inprobis
841 764 994 812 puellae

244 827 453 865 vibrabunt
483 827 566 866 sine
596 829 673 866 fine
704 828 920 877 prurientes

245 893 409 931 lascivos
439 892 557 931 docili
588 900 755 931 tremore
785 894 967 940 lumbos;

244 959 313 996 sed
344 959 451 1007 quod
482 971 555 995 nec
583 971 698 1008 grave
728 957 776 995 sit
806 972 878 996 nec
909 958 1134 1003 infacetum,

245 1023 350 1072 parvi
381 1022 475 1061 tibia
506 1022 676 1072 Condyli
706 1023 873 1061 sonabit.
1433 1041 1473 1070 30
1503 1072 1511 1079 ι

246 1090 360 1126 Haec
390 1095 447 1126 est
478 1089 628 1126 cenula.
689 1088 898 1127 Claudiam
929 1088 1113 1137 sequeris.

246 1155 377 1202 Quam
408 1153 522 1192 nobis
553 1154 664 1204 cupis
694 1167 779 1192 esse
809 1161 849 1192 tu
880 1153 1079 1204 priorem?

609 1232 785 1269 LXXIX

138 1296 337 1335 Vndecies
367 1309 445 1334 una
475 1295 648 1343 surrexti‚
680 1295 799 1342 Zoile,
832 1308 943 1343 cena,

192 1369 229 1399 et
259 1369 408 1399 mutata
437 1360 507 1399 tibi
537 1368 596 1399 est
624 1360 818 1410 synthesis
849 1358 1048 1405 undecies,

138 1427 258 1464 sudor
287 1426 504 1464 inhaereret
535 1425 695 1463 madida
725 1439 774 1463 ne
803 1432 911 1462 veste
941 1431 1113 1462 retentus

192 1499 230 1529 et
260 1492 385 1528 laxam
417 1490 544 1528 tenuis
574 1491 745 1528 laederet
774 1503 868 1527 aura
896 1497 1038 1527 eutem.

140 1558 272 1605 Quare
302 1569 374 1605 ego
404 1568 484 1592 non
514 1556 626 1601 sudo,
658 1554 725 1604 qui
755 1562 897 1600 tecum,
929 1553 1048 1600 Zoile,
1081 1555 1210 1591 ceno?
1456 1569 1471 1598 5

195 1619 329 1670 Frigus
360 1619 465 1657 enim
497 1632 682 1668 magnum
712 1608 906 1667 synthesis
938 1631 1015 1655 una
1044 1617 1145 1655 facit.

624 1695 775 1731 LXXX

249 1762 342 1798 Non
372 1767 494 1798 totam
526 1759 633 1806 mihi,
665 1758 697 1797 si
726 1758 893 1805 vacabis,
927 1759 1063 1796 horam

247 1827 373 1863 dones
404 1832 441 1863 et
470 1824 561 1862 licet
590 1823 756 1874 imputes,
790 1826 942 1871 Severe,

247 1892 343 1929 dum
374 1897 525 1928 nostras
554 1889 648 1939 legis
678 1889 876 1939 exigisque
906 1902 1039 1938 nugas.

250 1959 258 1975 ‘
276 1957 429 1993 Durum
460 1962 518 1993 est
546 1956 709 2004 perdere
739 1954 896 1992 ferias':
936 1966 1116 2004 rogamus

248 2021 436 2058 iacturam
466 2019 622 2070 patiaris
652 2021 754 2057 hane
783 2021 972 2069 ferasque.

248 2087 357 2135 quod
387 2085 417 2124 si
447 2085 584 2134 legeris
614 2084 686 2123 ista
715 2098 805 2123 cum
836 2084 982 2123 diserto

249 2152 374 2189 —sed
403 2150 598 2200 numquid
628 2164 763 2188 sumus
793 2149 948 2200 inprobi
961 2149 1231 2193 ?—-Secundo‚

187 2253 227 2281 24
253 2243 384 2282 placido
402 2242 454 2273 L:
484 2243 625 2283 placidis
652 2242 700 2273 CA
897 2253 939 2281 29
962 2252 1028 2281 quo
1047 2251 1109 2271 nec
1127 2241 1200 2271 BA:
1226 2240 1314 2278 quod
1338 2250 1405 2269 non
1425 2240 1472 2269 CA

143 2298 186 2326 30
209 2287 259 2316 vel
273 2287 409 2325 condyli
566 2296 607 2324 32
632 2286 747 2327 nobis]
774 2286 851 2316 novi
870 2285 961 2326 D‘ff
1066 2284 1253 2321 turpiorem
1271 2283 1320 2314 sd.
1338 2294 1367 2313 a.
1393 2293 1472 2320 1473

145 2330 268 2370 (sedes.
291 2329 480 2370 Greenouglz
498 2329 604 2360 Harv.
624 2330 722 2361 stud.
741 2330 760 2360 i.
782 2332 860 2368 191)
1072 2327 1223 2358 LXXIX
1247 2326 1319 2357 lmb.
1346 2326 1390 2357 T:
1420 2337 1472 2354 vxz

144 2376 208 2413 5-6
222 2373 302 2403 surb.
323 2373 356 2402 R
447 2384 459 2402 ι
485 2375 634 2404 surrexit
649 2374 703 2403 BA
722 2374 802 2413 (non
818 2373 860 2412 Q)
881 2373 930 2403 CA
1020 2382 1040 2411 3
1066 2371 1099 2402 ni
1116 2371 1169 2401 BA
1343 2369 1471 2399 LXXX

147 2427 160 2447 1
184 2417 316 2447 uacabit
332 2416 394 2446 BC
522 2426 541 2454 5
566 2417 630 2447 iarn
648 2422 755 2448 turam
775 2417 823 2448 CA
841 2417 924 2458 <non
942 2415 990 2456 A)
1132 2416 1153 2445 6
1177 2414 1285 2454 ipsam
1311 2412 1359 2444 (Ἀ
1385 2413 1473 2453 (ipsa

144 2460 197 2500 A)
214 2473 220 2490 :
245 2460 317 2500 ipse
333 2459 553 2491 Schneidewin
