1684 2763
193 152 247 187 M.
281 151 401 188 VAL.
435 151 747 189 MARTIALIS

190 260 366 299 Niliacus
395 262 538 300 habeat
567 262 788 300 corcodilus
816 272 991 313 angusta,

191 325 408 375 meliusque
437 340 554 364 ranae
582 327 749 376 garriant
781 329 1042 375 Ravennates,

188 396 226 426 et
256 388 440 426 Atrianus
470 388 623 427 dulcius
652 389 754 428 culix
783 399 924 437 cantet,

188 453 400 503 videasque
430 462 621 503 quantum
651 462 819 493 noctuae
847 455 981 494 vident
1011 470 1137 499 mane,
1479 473 1517 495 10

188 526 226 556 et
256 517 351 557 illud
382 520 487 557 oleas
517 520 625 568 quod
654 519 723 557 viri
753 522 1002 570 capellarum,

189 592 226 621 et
255 583 381 622 anatis
412 584 557 622 habeas
587 585 862 635 orthopygium
894 599 1057 632 macrae,

188 662 405 698 senemque
435 648 628 698 Cynicum
659 649 788 687 vincat
818 663 953 688 osseus
983 664 1163 696 cunnusg

189 726 280 751 cum
310 721 347 752 te
377 716 536 752 lucerna
566 714 768 752 balneator
797 714 968 753 extincta

188 778 369 817 admittat
400 778 498 816 inter
527 778 745 816 bustuarias
775 781 988 821 moechas:
1479 797 1516 828 15

188 857 279 881 cum
311 844 447 881 bruma
478 857 653 881 mensem
685 843 732 881 sit
762 843 832 881 tibi
862 858 930 894 per
959 847 1180 894 Augustum

190 910 358 958 regelare
388 922 460 946 nec
490 916 528 946 te
558 908 780 958 pestilentia
809 909 958 959 possit:

188 975 310 1012 audes
340 975 530 1012 ducentas
560 974 742 1024 nuptuire
771 982 859 1024 post
889 982 1033 1013 mortes

190 1039 394 1088 virumque
423 1040 587 1077 demens
617 1039 812 1077 cineribus
842 1039 918 1077 tuis
947 1039 1100 1089 quaeris

191 1104 345 1153 prurire.
406 1103 513 1152 Quid
545 1103 746 1143 †sisatiaet
777 1104 868 1142 velit
898 1106 1063 1142 saxum?
1475 1123 1514 1144 20

189 1168 277 1218 quis
306 1168 513 1218 coniugem
544 1176 592 1215 te,
624 1169 710 1218 quis
740 1169 895 1207 vocabit
926 1183 1097 1215 uxorem,

192 1233 432 1271 Philomelus
460 1233 587 1271 aviam
617 1247 735 1283 quam
767 1242 971 1272 vocaverat
1002 1236 1157 1284 nuper?

191 1299 312 1347 Quod
341 1298 371 1335 si
402 1299 567 1336 cadaver
596 1298 725 1347 exiges
755 1306 865 1336 tuum
897 1299 1028 1348 scalpi,

190 1371 382 1401 sternatur
411 1363 557 1400 Achori
587 1364 636 1401 de
666 1363 833 1401 triclinio
862 1365 996 1410 lectus,

191 1427 468 1465 thalassionem
499 1427 566 1477 qui
595 1435 704 1465 tuum
736 1429 850 1466 decet
879 1430 996 1475 solus,

192 1500 377 1542 ustorque
408 1494 540 1530 taedas
571 1494 760 1542 praeferat
790 1507 914 1531 novae
945 1501 1112 1543 nuptae:

193 1558 332 1596 intrare
362 1557 399 1594 in
431 1558 546 1595 istum
578 1559 660 1595 sola
690 1559 751 1595 fax
780 1566 909 1608 potest
939 1572 1123 1596 cunnum.

673 1630 809 1668 XCIV

196 1695 290 1731 Esse
320 1706 438 1743 negas
468 1701 627 1730 coctum
657 1695 829 1743 leporem
861 1693 1069 1743 poscisque
1099 1695 1258 1742 flagella.

249 1757 386 1803 Max-is,
423 1759 533 1804 Rufe,
567 1771 706 1795 cocum
738 1758 916 1796 scindere
945 1772 1063 1807 quam
1094 1759 1276 1807 leporem.

690 1829 803 1866 XCV

194 1893 422 1941 Numquam
452 1891 549 1929 dicis
578 1893 677 1929 have
706 1893 775 1930 sed
805 1891 946 1938 reddis,
980 1893 1166 1938 Naevole,
1198 1906 1361 1942 semper,

246 1958 354 2006 quod
384 1956 487 2006 prior
515 1964 553 1994 et
582 1970 721 1995 corvus
751 1957 881 1995 dicere
910 1970 1027 2007 saepe
1056 1958 1165 1995 solet.

626 2035 658 2050 us

238 2070 254 2098 7
281 2060 460 2090 Niliacusis
479 2059 598 2100 T(pro
615 2060 666 2092 -is.
684 2060 701 2091 i.
711 2070 735 2089 e.
749 2061 791 2091 -is
808 2071 884 2092 corr.
899 2070 986 2090 -usoe
1007 2060 1154 2090 Nillacus
1167 2059 1222 2090 BA
1298 2070 1319 2099 9
1340 2060 1516 2091 hadriacus

193 2104 247 2134 BA
326 2113 364 2133 10
390 2108 513 2133 noctua
530 2104 622 2133 uidet
632 2103 749 2133 ΑΛΒΑ
826 2114 863 2142 15
883 2104 1027 2134 admittit
1037 2104 1091 2133 BA
1106 2116 1113 2134 ι
1131 2104 1286 2134 admittat
1298 2104 1344 2134 CA
1390 2104 1516 2134 moschi

194 2147 249 2177 ΒΑ
264 2147 296 2185 ti.
308 2157 331 2176 e.
347 2146 475 2176 Moschi
489 2149 512 2177 Ἡ
527 2158 534 2176 :
556 2148 713 2177 moechas
729 2147 775 2177 CA
866 2157 902 2185 17
922 2147 1075 2186 relegare
1092 2147 1121 2177 T
1162 2147 1372 2186 pestilenties
1385 2146 1518 2177 Guietus

194 2191 304 2231 possis
320 2189 384 2220 cod.
403 2189 598 2220 Bevcrlandi
692 2191 731 2220 18
754 2191 901 2220 ducenas
918 2190 964 2221 T:
989 2191 1151 2221 ducentes
1169 2190 1219 2220 CA
1237 2192 1318 2231 (non
1335 2190 1384 2227 A)
1479 2200 1516 2229 19

194 2255 371 2293 uisumque
383 2255 437 2284 BA
503 2265 545 2285 20
560 2255 588 2285 si
600 2255 706 2285 satiae
719 2255 772 2286 ΒΑ
784 2256 825 2290 (si
836 2254 957 2286 satirae
970 2255 1009 2293 P,
1023 2256 1049 2285 si
1066 2255 1239 2294 sactief):
1263 2238 1397 2285 sisatiae
1409 2258 1445 2283 ut
1454 2253 1518 2286 vid.

197 2298 244 2328 (Ἀ
264 2299 354 2337 (Χ-ῑίτε
371 2297 466 2335 Α6“,
490 2298 598 2336 -tiare‚
622 2299 726 2329 -ciare
746 2298 962 2330 EVXBCGo
980 2311 987 2330 :
1018 2299 1126 2328 sarire
1149 2299 1176 2329 si
1198 2298 1295 2328 ltal.:
1326 2307 1352 2328 S.
1379 2297 1454 2337 quis
1475 2299 1514 2337 (3)

193 2340 410 2371 Schneidewin
425 2352 430 2370 2
455 2341 553 2371 salire
565 2342 593 2371 si
607 2341 700 2381 Rooy
785 2352 823 2371 21
847 2343 980 2372 uocauit
997 2342 1053 2372 BA
1071 2342 1130 2382 (12⁶³.
1153 2342 1226 2380 -bitfi
1336 2350 1378 2379 23
1399 2341 1516 2379 exiges

195 2385 270 2416 BA:
296 2385 403 2423 exigis
419 2384 467 2414 CA
535 2385 644 2423 scarpi
663 2385 710 2415 CA
798 2395 838 2422 24
862 2386 917 2416 det
934 2386 988 2415 BA
1005 2396 1080 2424 (ειη.
1098 2388 1138 2423 t.)
1228 2385 1269 2414 26
1294 2389 1450 2423 uttorque
1468 2384 1517 2414 CA

195 2429 312 2458 taedes
330 2430 407 2468 (te-l
426 2427 480 2456 BA
630 2428 741 2458 XCIV
762 2427 835 2458 hab.
856 2428 888 2457 R
1026 2428 1120 2459 XCV
1142 2438 1192 2458 vv.
1214 2438 1283 2467 1—4‚
1302 2437 1385 2466 7—12
1403 2427 1473 2457 hab.
1493 2427 1522 2457 T

200 2481 210 2500 r
232 2471 346 2502 reddis
357 2471 467 2501 AACA
483 2482 489 2501 :
514 2470 603 2501 rides
620 2471 674 2501 ΒΑ
741 2481 760 2501 2
776 2472 869 2511 prius
885 2472 945 2501 AA
961 2483 967 2502 :
991 2472 1083 2511 prior
1100 2471 1205 2503 BACA
1271 2480 1395 2502 cui-uus
1412 2469 1516 2501 ΒΑΕΑ
