1684 2763
788 140 1259 180 EPIGRAMMATON
1291 142 1394 179 LIB.
1427 143 1461 179 X

237 252 332 289 Non
361 258 420 289 est
450 250 514 289 hic
543 250 729 289 dominus
760 252 831 290 sed
861 251 1083 302 imperator,

235 317 305 354 sed
334 315 569 354 iustissimus
599 315 777 354 omnium
808 324 974 363 senator,

233 394 303 430 per
331 394 450 431 quem
481 382 531 419 de
561 381 692 431 Stygia
720 383 842 420 domo
872 383 1034 420 reducta
1063 390 1121 421 est
1427 401 1462 422 ιο

233 445 346 484 siccis
375 446 519 484 rustica
548 446 702 485 Veritas
731 447 892 496 capillis.

235 513 328 550 Hoc
358 512 432 550 sub
460 511 648 563 principe,
681 512 713 551 si
742 512 856 563 sapis,
889 520 1026 552 caveto

231 578 369 625 verbis,
403 580 544 626 Roma,
576 578 769 629 prioribus
798 579 981 629 loquaris.

592 671 774 707 LXXIII

124 742 271 780 Littera
300 742 458 781 facundi
488 750 640 793 gratum
671 743 767 780 mihi
797 743 938 793 pignus
967 743 1083 782 amici

176 807 344 857 pertulit,
378 808 579 846 Ausoniae
609 810 716 846 dona
745 822 879 847 severa
908 816 1032 858 togae,

122 885 200 922 qua
229 887 309 911 non
341 873 553 920 Fabricius,
586 875 654 912 sed
684 875 800 911 vellet
829 873 993 923 Apicius
1023 873 1089 920 uti,

174 939 290 976 vellet
322 940 535 977 Maecenas
566 939 825 978 Caesarianus
855 952 987 989 eques.

120 1003 232 1041 vilior
261 1005 358 1042 haec
388 1004 503 1042 nobis
532 1004 609 1043 alio
640 1004 820 1043 mittente
849 1005 1013 1052 fuisset3
1439 1021 1456 1051 5

174 1082 255 1107 non
285 1082 537 1118 quacumque
568 1083 687 1107 manu
717 1069 876 1107 victima
905 1083 1019 1108 caesa
1048 1069 1157 1108 litat:

118 1147 141 1171 a
170 1141 208 1172 te
238 1133 357 1172 missa
385 1134 517 1172 venit:
556 1148 714 1184 possem
746 1134 820 1172 nisi
850 1148 994 1173 munus
1023 1148 1165 1182 amare,

174 1200 320 1246 Marce,
353 1207 475 1246 tuum,
507 1207 685 1249 poteram
716 1214 863 1238 nomen
892 1214 1023 1238 amare
1053 1213 1198 1238 meum.

119 1277 280 1302 munere
310 1265 379 1302 sed
409 1265 496 1314 plus
526 1273 584 1303 est
613 1272 651 1303 et
681 1265 842 1303 nomine
870 1265 1014 1315 gratius
1044 1265 1130 1315 ipso

171 1329 342 1368 officium
374 1330 481 1368 docti
511 1329 781 1380 iudiciumque
810 1330 890 1368 viri.
1419 1349 1455 1370 10

587 1425 762 1461 LXXIV

118 1497 202 1534 Iam
232 1509 348 1546 parce
377 1498 490 1542 lasso,
524 1498 664 1543 Roma,
696 1497 932 1546 gratulatori‚

114 1563 217 1599 lasso
247 1561 390 1599 clienti.
451 1561 655 1610 Quamdiu
686 1563 872 1600 salutator

114 1627 442 1665 anteambulones
472 1634 510 1664 et
540 1628 735 1676 togatulos
765 1627 865 1666 inter

114 1700 274 1730 centum
305 1692 485 1730 merebor
514 1692 723 1741 plumbeos
753 1692 817 1731 die
846 1699 941 1740 toto,

113 1770 204 1795 curn
234 1759 404 1806 Scorpus
434 1771 512 1795 una
541 1757 770 1807 quindecim
799 1771 934 1807 graves
963 1758 1059 1796 hora
1432 1776 1448 1806 5

112 1819 295 1858 ferventis
325 1819 407 1857 auri
436 1819 560 1858 victor
589 1821 737 1857 auferat
767 1822 935 1858 saccos?

113 1886 207 1923 Non
236 1898 309 1934 ego
339 1898 517 1923 meorum
547 1884 765 1934 praemium
795 1885 1017 1923 libellorum

112 1950 261 2000 —quid
291 1950 397 1988 enim
427 1958 625 1988 merentur
640 1952 866 1999 ?—Apulos
896 1950 1012 1988 velim
1043 1962 1204 2000 campos
1220 1964 1231 1997 ,-

111 2028 191 2053 non
223 2015 367 2064 Hybla,
399 2028 480 2052 non
510 2028 573 2052 me
603 2014 758 2064 spicifer
787 2014 891 2065 capit
922 2014 1047 2062 Nilus,

111 2093 184 2118 nec
213 2093 315 2130 quae
344 2081 508 2129 paludes
537 2079 705 2118 delicata
735 2080 966 2130 Pomptinas
1406 2095 1445 2117 ιο

110 2159 156 2183 ex
185 2158 272 2183 arce
301 2144 390 2182 clivi
419 2152 570 2194 spectat
599 2158 674 2183 uva
704 2145 837 2183 Setini.

112 2210 220 2258 Quid
249 2209 529 2259 concupiscam
559 2209 712 2259 quaeris
742 2213 863 2260 ergo?
903 2210 1096 2249 Dormire.

155 2307 306 2338 LXXIII
334 2317 347 2336 1
375 2308 497 2346 pignus
514 2307 590 2337 BA:
617 2318 738 2338 munus
755 2308 804 2339 CA
981 2319 1000 2338 2
1024 2308 1160 2349 severa]
1178 2317 1252 2338 sera
1271 2307 1319 2338 CA
1343 2308 1443 2346 (ands

109 2361 232 2382 serena
250 2350 291 2390 C)
414 2360 431 2388 5
456 2362 485 2381 v.
507 2362 549 2382 ne
567 2351 598 2382 h.
619 2351 668 2381 CA
793 2363 814 2391 9
838 2351 991 2392 nomine]
1012 2362 1153 2382 munere
1169 2351 1223 2381 ΒΑ
1313 2351 1441 2390 gratior

111 2394 159 2425 CA
357 2393 504 2424 LXXIV
531 2404 544 2424 1
571 2400 666 2434 parte
685 2395 733 2425 CA
751 2397 779 2434 (t
791 2400 852 2436 pro
869 2397 904 2436 c)
1040 2405 1075 2425 11
1103 2395 1199 2425 cliuis
1218 2395 1265 2425 CA
