1684 2763
200 157 256 193 M.
286 155 409 192 VAL.
442 153 754 191 MARTIALIS

200 276 237 306 et
267 267 359 305 satis
388 274 472 304 est:
510 264 607 304 alios
637 265 890 303 commendet
920 263 1107 313 epistola:
1146 270 1283 312 peccat

255 331 322 382 qui
352 331 717 370 commendandum
749 342 790 367 se
818 336 929 379 putat
958 341 1043 366 esse
1072 327 1161 366 suis.

727 418 786 454 VI

205 488 289 523 Lux
319 484 389 522 tibi
419 491 508 533 post
539 483 636 521 Idus
665 488 892 520 numeratur
921 480 1032 519 tertia
1063 480 1202 526 Maias,

258 548 500 594 Marcelline,
531 547 607 585 tuis
637 546 696 584 bis
727 547 963 584 celebranda
991 545 1119 584 sacris.

205 616 357 665 inputat
385 612 580 651 aetherios
611 620 717 650 ortus
747 613 845 649 haec
875 610 1000 660 prima
1028 609 1191 659 parenti,

258 680 352 718 libat
382 680 566 716 florentes
596 678 693 714 haec
723 675 793 714 tibi
824 675 950 725 prima
977 688 1107 724 genas.

207 757 347 794 magna
375 743 465 780 licet
494 740 646 780 dederit
677 740 874 778 iucundae
905 752 1067 777 munera
1095 738 1207 785 vitae,
1514 752 1530 782 5

259 811 346 859 plus
376 820 591 856 numquam
623 805 721 856 patri
750 804 940 855 praestitit
969 804 1033 842 ille
1063 803 1157 842 dies.

721 893 803 929 VII

209 966 379 1003 Centum
412 959 550 998 miselli
580 958 656 996 iam
686 959 811 995 valete
841 957 1091 1006 quadrantes,

208 1024 524 1066 anteambulonis
553 1022 794 1073 congiarium
824 1021 925 1068 lassi,

210 1105 309 1141 quos
339 1090 539 1129 dividebat
569 1089 771 1126 balneator
800 1086 932 1125 elixus.

211 1157 306 1206 quid
336 1154 526 1205 cogitatis,
558 1167 581 1191 o
611 1154 733 1190 fames
762 1151 1010 1190 amicorum?

212 1221 309 1271 regis
339 1219 496 1270 superbi
527 1219 723 1268 sportulae
753 1223 1007 1255 recesserunt.
1519 1229 1535 1259 5

215 1285 344 1324 ‘Nihil
375 1285 622 1334 stropharum
653 1290 734 1321 est:
774 1281 850 1319 iam
882 1280 1063 1318 salarium
1094 1280 1271 1317 dandum
1303 1279 1385 1316 est.’

711 1371 817 1407 VIII

212 1438 387 1476 ‘Thaida
408 1436 580 1486 Quintus
600 1437 729 1473 amat.’
763 1436 918 1483 ‘Quam
941 1432 1145 1471 Thaida?
1169 1431 1346 1469 ‘Thaida
1366 1431 1539 1468 luscam.’
1580 1479 1585 1483 ῃ

271 1506 404 1541 Vnum
436 1503 596 1540 oculum
626 1500 748 1538 Thais
779 1513 859 1537 non
890 1499 1021 1545 habet,
1053 1497 1117 1536 ille
1147 1499 1258 1536 duos.

742 1583 801 1619 IX

221 1650 442 1689 Versiculos
474 1648 512 1685 in
544 1661 606 1685 me
637 1655 810 1685 narratur
839 1645 1008 1684 scribere
1039 1644 1178 1684 Cinna.

276 1718 368 1754 Non
400 1713 544 1760 scribit,
575 1713 686 1751 cuius
717 1711 889 1750 carmina
919 1724 1037 1749 nemo
1067 1709 1168 1759 legit.

756 1795 792 1830 X

222 1861 449 1907 Constituit,
482 1860 720 1904 l'hilomuse,
755 1866 862 1908 pater
891 1856 961 1894 tibi
992 1855 1097 1893 milia
1126 1855 1219 1894 bina

276 1934 474 1965 menstrua
503 1938 650 1974 perque
680 1922 808 1961 omnis
838 1920 1027 1972 praestitit
1057 1920 1121 1958 illa
1151 1919 1246 1966 dies,

223 1992 412 2030 luxuriam
442 1997 634 2039 premeret
664 2002 753 2026 cum
784 1986 951 2025 crastina
980 1999 1135 2035 semper
1163 1992 1313 2035 egestas

277 2067 315 2096 et
343 2055 445 2094 vitiis
475 2062 604 2093 essent
634 2054 766 2092 danda
795 2052 934 2090 diurna
963 2051 1049 2089 tuis.

225 2124 331 2161 idem
361 2129 399 2159 te
430 2119 599 2158 moriens
630 2119 815 2156 heredem
847 2131 892 2155 ex
922 2130 1007 2154 asse
1037 2115 1202 2165 reliquit.
1530 2129 1546 2158 ,ι

280 2184 527 2225 exheredavit
555 2192 602 2230 te,
636 2183 873 2228 Philomuse,
905 2189 1024 2230 pater.

269 2291 315 2321 VI
342 2300 360 2320 2
385 2289 586 2319 celebrande
607 2287 655 2318 CA
787 2298 805 2325 4
830 2295 934 2323 negas
953 2284 1000 2314 CA
1132 2285 1152 2313 6
1177 2283 1243 2312 ulla
1260 2282 1337 2312 BA:
1362 2281 1417 2311 ille
1437 2282 1484 2312 CA

270 2333 334 2364 VII
361 2343 380 2362 2
405 2331 651 2362 antambulonis
663 2330 713 2360 CA
801 2328 1008 2367 conglarium
1026 2326 1080 2356 BA
1196 2336 1216 2364 3
1239 2336 1322 2365 quas
1342 2330 1440 2365 (quos
1457 2325 1499 2364 L)
1519 2326 1548 2356 d.

228 2377 302 2408 BA:
329 2377 418 2416 quod
432 2377 458 2406 si
476 2376 611 2410 uidebat
630 2374 677 2404 CA

274 2421 352 2450 V111
379 2419 451 2450 lzab.
472 2419 504 2449 R
638 2427 650 2446 1
677 2427 774 2456 quam
793 2417 840 2446 th.
867 2415 886 2444 l.
911 2414 987 2444 BA:
1020 2424 1119 2453 quam
1146 2413 1294 2443 thaidam
1319 2412 1430 2442 thaida
1454 2412 1474 2442 l.
1503 2411 1551 2441 CA

233 2466 280 2495 IX
305 2465 377 2495 lmb.
398 2463 430 2493 R
606 2461 637 2491 X
663 2472 681 2499 4
705 2464 821 2490 essent
836 2459 911 2489 Ital.
928 2470 934 2488 :
959 2462 1049 2488 esset
1068 2457 1151 2498 teet)
1170 2456 1257 2488 codd.
1327 2456 1483 2486 diuturna
1500 2454 1552 2484 BA
