1684 2763
260 171 316 207 M.
347 171 468 207 VAL.
502 171 812 210 MARTIALIS

258 277 353 327 quid
383 279 473 317 facit
502 280 661 318 Alcides
690 280 785 318 silva
813 289 983 320 sacratus
1013 281 1052 320 in
1082 282 1183 321 ista?
1559 302 1581 334 5⁴

311 350 390 381 tarn
419 344 546 382 vicina
574 344 645 382 tibi
675 359 743 383 cur
772 353 878 384 tenet
906 355 1016 385 antra
1045 349 1172 386 deus?

258 408 449 458 numquid
481 411 752 459 Nympharum
783 418 898 449 notos
928 412 1107 450 observat
1135 426 1301 459 amores,

310 480 388 510 tam
420 474 527 511 multi
559 474 701 523 pariter
730 489 778 513 ne
807 475 1004 525 rapiantur
1035 478 1193 526 Hylae?

838 553 893 589 LI

258 619 422 656 Mercari
452 628 602 658 nostras
632 620 662 658 si
692 629 729 658 te
758 621 873 670 piget,
905 621 1060 668 Vrbice,
1092 636 1212 672 nugas

308 693 346 720 et
375 684 516 722 lasciva
546 693 675 723 tamen
707 685 879 723 carmina
908 699 1024 724 nosse
1053 686 1158 733 libet,

256 747 487 796 Pompeium
518 758 774 798 quaeres—et
802 750 905 787 nosti
934 750 1347 797 forsitan—Auctum;

306 813 440 851 ultoris
469 813 593 862 prima
624 814 760 852 Martis
790 814 829 852 in
858 816 957 853 aede
986 817 1119 853 sedet:

253 875 333 914 iure
363 879 526 915 madens
556 878 742 928 varioque
772 887 884 928 togae
914 879 1070 918 limatus
1100 880 1139 917 in
1169 894 1241 918 usu
1555 898 1571 928 5

307 954 386 978 non
415 943 536 980 lector
565 957 675 981 meus
705 943 779 990 hic,
811 943 966 991 Vrbice‚
999 946 1067 983 sed
1097 945 1194 983 liber
1222 953 1290 982 est.

252 1005 306 1043 sic
337 1013 442 1044 tenet
470 1008 652 1046 absentes
683 1017 835 1047 nostros
865 1017 1074 1059 cantatque
1104 1009 1256 1048 libellos

305 1078 346 1108 ut
374 1080 505 1121 pereat
534 1073 675 1111 chartis
705 1074 830 1112 littera
858 1076 963 1111 nulla
992 1074 1115 1112 meis:

251 1135 432 1186 denique,
465 1138 495 1175 si
524 1140 650 1185 vellet,
682 1146 832 1188 poterat
862 1139 1060 1189 scripsisse
1089 1139 1235 1185 videri;

304 1202 373 1238 sed
403 1203 528 1240 famae
558 1205 703 1241 mavult
732 1203 796 1241 ille
825 1205 951 1242 favere
982 1217 1101 1242 meae.
1533 1220 1572 1242 10

251 1265 356 1303 hunc
385 1265 473 1304 licet
502 1280 524 1304 a
553 1268 904 1317 decuma—*neque
934 1268 1038 1306 enim
1069 1267 1160 1306 satis
1189 1275 1279 1306 ante
1310 1268 1517 1306 vacabit-

303 1330 497 1377 sollicites,
529 1331 655 1381 capiet
685 1334 824 1370 cenula
854 1346 969 1381 parva
999 1334 1125 1379 duos;

250 1393 312 1432 ille
342 1396 456 1444 leget,
484 1396 576 1434 bibe
606 1405 674 1443 tu3
713 1396 811 1434 nolis
842 1397 942 1443 licet,
973 1396 1037 1435 ille
1070 1396 1248 1434 sonabit:

303 1466 339 1497 et
369 1474 458 1497 cum
492 1462 597 1498 ‘Iam
630 1461 720 1499 satis
750 1463 828 1500 est'
859 1461 1009 1508 dixeris,
1042 1461 1105 1499 ille
1135 1463 1246 1511 leget.

816 1539 893 1575 LII

248 1607 411 1644 Gratum
441 1615 497 1645 est
527 1609 634 1657 quod
665 1608 791 1647 Celeri
821 1616 973 1646 nostros
1002 1607 1106 1657 legis,
1138 1609 1275 1652 Aucte,
1308 1607 1469 1653 libellos,

300 1671 330 1707 si
360 1678 491 1710 tamen
521 1680 558 1710 et
589 1674 767 1711 Celerem
797 1674 904 1722 quod
934 1672 1042 1722 legis,
1071 1675 1208 1718 Aucte,
1242 1671 1355 1709 iuvat.

246 1734 309 1772 ille
339 1748 445 1773 meas
473 1744 608 1784 gentes
638 1745 675 1774 et
706 1738 836 1776 Celtas
866 1737 961 1775 rexit
992 1737 1176 1782 Hiberos,

300 1813 372 1837 nec
401 1800 472 1837 fuit
501 1800 541 1838 in
571 1809 704 1838 nostro
733 1801 873 1839 certior
901 1802 995 1839 orbe
1024 1803 1134 1839 fides.

248 1863 369 1901 maior
399 1878 460 1902 me
491 1872 599 1902 tanto
630 1865 841 1903 reverentia
871 1866 1000 1902 turbat
1030 1873 1067 1903 et
1096 1878 1208 1902 aures
1549 1881 1565 1911 5

299 1942 379 1966 non
409 1929 608 1975 auditoris,
641 1929 780 1967 iudicis
809 1943 894 1967 esse
923 1937 1029 1978 puto.

804 2006 905 2042 LIII

244 2073 389 2112 Omnia
418 2073 554 2112 misisti
584 2074 678 2111 mihi
707 2074 985 2120 Saturnalibus,
1017 2074 1177 2119 Vmber,

297 2152 467 2185 munera,
500 2140 744 2177 contulerant
774 2152 874 2188 quae
903 2138 973 2176 tibi
1003 2138 1178 2188 quinque
1207 2138 1314 2176 dies:

288 2241 314 2270 L
337 2242 358 2270 6
379 2241 437 2271 tibi
463 2241 536 2273 BA:
568 2242 617 2272 tui
644 2241 692 2271 CA
781 2241 862 2271 deos
880 2245 915 2271 ut
931 2241 991 2271 vid.
1012 2240 1061 2271 CA
1250 2241 1294 2270 LI
1319 2250 1338 2278 3
1361 2241 1493 2280 quaeris
1509 2241 1563 2270 ΒΑ

245 2284 320 2323 (pro
346 2294 414 2314 -res
426 2284 451 2324 Ρ)
584 2289 697 2315 autum
715 2284 767 2313 BA
787 2296 793 2315 :
817 2289 951 2315 auctum
969 2284 1029 2323 (A)
1047 2285 1096 2314 vel
1110 2289 1220 2314 actum
1239 2283 1336 2323 (EX)
1354 2284 1402 2314 CA
1525 2294 1559 2314 11

243 2338 261 2357 a
285 2327 376 2367 deo]
394 2328 435 2358 ad
452 2337 546 2358 ecum
563 2328 617 2357 ΒΑ
704 2328 836 2358 uacauit
854 2328 901 2357 CA
921 2328 985 2366 (sle.
1004 2328 1080 2367 -bit)
1194 2337 1231 2365 13
1257 2328 1341 2357 nolis
1357 2327 1410 2356 BA
1426 2338 1433 2357 ι
1456 2327 1562 2357 nolles

243 2370 291 2401 CA
310 2371 384 2409 (pro
401 2371 508 2410 nollis,
527 2372 574 2402 1'.e.
593 2371 694 2401 nolis&
817 2371 878 2401 LII
904 2382 953 2401 vv.
980 2381 1049 2410 1—2‚
1069 2372 1132 2409 5—6
1149 2371 1221 2400 lmb.
1246 2370 1275 2399 T
1360 2380 1373 2399 1
1400 2371 1492 2409 leges
1508 2370 1563 2399 ΒΑ

241 2423 260 2451 3
286 2412 352 2443 lexi
371 2413 418 2443 CA
550 2424 568 2452 5
594 2418 688 2444 tanta
705 2414 752 2444 CA
883 2415 904 2444 6
927 2414 1097 2444 auditores
1115 2413 1239 2444 iudires
1256 2413 1374 2443 iudicis
1396 2413 1425 2443 T
