1684 2763
793 139 1264 179 EPIGRAMMATON
1298 140 1402 180 LIB.
1436 142 1478 180 II

142 250 209 287 dat
240 248 310 288 tibi
341 248 519 288 divitias:
559 249 703 299 ecquid
734 257 825 288 sunt
854 249 928 288 ista
957 252 1158 289 duorum?
1464 271 1480 301 5

196 315 267 352 das
296 316 478 364 partem?
508 316 677 353 multum
708 317 795 353 est?
853 315 1048 363 Candide,
1080 318 1150 354 das
1179 317 1362 367 aliquid?

144 381 305 418 Mecum
337 379 410 419 eris
440 393 532 430 ergo
562 380 702 419 miser:
742 382 852 431 quod
882 380 913 419 si
943 383 1041 420 deus
1072 396 1138 421 ore
1169 396 1308 421 sereno

196 445 390 493 adnuerit,
423 445 525 493 felix,
559 445 754 493 Candide,
787 448 894 485 solus
925 447 1009 486 eris.

647 535 764 572 XXV

147 611 225 647 Das
256 622 487 659 numquam,
520 623 676 661 semper
704 610 911 661 promittis,
945 613 1068 659 Galla,
1101 612 1263 663 roganti.

196 674 226 712 si
258 688 413 725 semper
442 675 552 723 fallis,
586 676 663 714 iam
693 690 799 726 rogo,
833 678 958 724 Galla,
990 691 1100 728 nega.

630 765 769 802 XXVI

144 840 265 888 Quod
296 840 505 889 querulum
536 839 667 889 spirat,
699 841 808 890 quod
838 842 1025 879 acerbum
1057 841 1207 880 Naevia
1237 841 1361 889 tussit,

196 904 316 954 inque
347 912 436 942 tuos
468 904 586 943 mittit
616 913 731 955 sputa
761 905 931 945 subinde
962 906 1083 954 sinus,

143 971 218 1008 iam
251 978 288 1008 te
318 983 399 1008 rem
431 971 586 1018 factam,
621 970 841 1020 Bithynice,
873 971 1000 1010 credis
1031 972 1206 1011 habere?

199 1037 338 1074 Erras:
378 1035 580 1074 blanditur
611 1036 772 1083 Naevia,
805 1050 886 1075 non
918 1036 1090 1075 moritur.

622 1125 785 1162 XXVII

146 1207 394 1244 Laudantem
427 1205 575 1245 Selium
606 1219 729 1244 cenae
758 1219 850 1245 cum
880 1206 977 1246 retia
1006 1207 1133 1246 tendit

195 1270 343 1321 accipe,
375 1270 456 1309 sive
485 1272 590 1321 legas
621 1271 701 1310 sive
731 1280 919 1322 patronus
949 1286 1064 1323 agas:

147 1337 343 1386 ‘Effecte!
374 1336 563 1387 graviter!
594 1336 699 1375 cito!
730 1338 937 1387 nequiter!
968 1342 1093 1389 euge!
1125 1339 1267 1378 beate!

197 1404 273 1440 hoc
303 1402 456 1440 voluiI'
489 1404 635 1440 ‘Facta
665 1410 723 1441 est
753 1402 830 1440 iam
861 1403 933 1442 tibi
962 1417 1071 1451 cena,
1104 1406 1214 1442 tace.'

614 1491 802 1528 XXVIII

146 1572 293 1611 Rideto
323 1573 492 1610 multum
524 1571 591 1621 qui
622 1579 670 1618 te,
704 1571 873 1619 Sextille,
906 1571 1118 1611 cinaedum

197 1637 338 1676 dixerit
367 1645 405 1676 et
435 1636 603 1687 digitum
635 1637 822 1688 porrigito
854 1637 1042 1676 medium.

145 1704 214 1741 sed
244 1716 317 1741 nec
348 1702 492 1753 pedico
522 1716 563 1741 es
593 1716 667 1741 nec
698 1710 749 1749 tu,
784 1703 954 1750 Sextille,
986 1704 1146 1750 fututor,

199 1769 312 1807 calda
341 1767 576 1807 Vetustinae
606 1781 679 1806 nec
710 1767 781 1806 tibi
811 1768 939 1807 bucca
968 1770 1107 1818 placet.

146 1848 192 1871 ex
223 1833 305 1871 istis
336 1833 432 1871 nihil
463 1847 504 1872 es
535 1834 669 1880 fateor,
703 1833 888 1872 Sextille:
927 1834 1023 1884 quid
1054 1847 1146 1884 ergo
1176 1836 1248 1873 es?
1468 1851 1484 1883 5

201 1899 359 1947 Nescio,
391 1900 461 1938 sed
492 1907 533 1938 tu
564 1899 639 1937 scis
670 1912 729 1937 res
761 1912 965 1950 superesse
995 1901 1107 1938 duas.

610 2000 751 2036 XXIX

150 2081 263 2128 Rufe,
295 2081 405 2119 vides
435 2080 545 2118 illum
576 2080 763 2120 subsellia
791 2080 917 2131 prima
943 2088 1146 2128 terentem,

202 2145 312 2184 cuius
343 2154 381 2184 et
411 2145 503 2185 hinc
534 2147 639 2184 lucet
669 2147 959 2196 sardonychata
989 2159 1129 2184 manus

194 2250 311 2280 XXIV
335 2259 354 2288 5
379 2250 520 2280 deorum
541 2250 589 2280 CA
678 2251 698 2279 6
726 2250 887 2280 =Multum
905 2249 978 2281 est.'
998 2250 1066 2289 (sic)
1085 2249 1305 2280 Sclmez'dewtn

193 2294 308 2323 XXVI
334 2293 408 2325 lml).
443 2293 473 2324 T
617 2303 629 2323 1
659 2303 819 2324 aceruum
845 2293 907 2324 ΑΑ
936 2295 1089 2336 (ceruum
1121 2294 1162 2333 T)
1193 2293 1243 2324 CA
1275 2294 1344 2333 (zze.
1378 2292 1484 2332 -bum)

150 2348 168 2366 2
193 2337 374 2420 ξὲξζΞΧῘΙΙίῗΙὲ
399 2381 465 2411 cito
481 2391 546 2411 om.
565 2380 620 2410 BA
636 2392 642 2411 :
670 2386 700 2411 st
716 2379 937 2412 Schneidewin
1028 2392 1046 2418 4
1073 2380 1121 2411 vel
1141 2383 1148 2396 ‘
1164 2380 1240 2411 Hoc
1257 2391 1287 2410 v.
1303 2392 1308 2411 :
1336 2380 1355 2410 f.
1376 2378 1416 2411 e.'
1434 2382 1485 2409 clc.

195 2424 345 2454 XXVIII
373 2425 437 2462 5—6
455 2428 532 2464 post
548 2424 671 2454 XXIX
688 2425 707 2453 8
735 2424 784 2454 CA
802 2425 851 2463 (jn
868 2425 938 2454 ima
952 2425 1089 2464 pagiua,
1107 2424 1208 2462 credo,
1229 2424 1400 2463 al‘clze{ipt')

195 2467 314 2498 XXIX
342 2477 355 2497 1
384 2473 550 2498 terentem
570 2467 654 2509 (Lf)
675 2468 724 2498 vel
738 2473 913 2498 tenentem
932 2467 1058 2509 (PQF)
1075 2479 1082 2497 ε
1107 2472 1271 2497 terentem
1292 2466 1341 2497 CA
