1684 2763
196 151 253 188 Μ.
286 150 405 187 VAL.
439 149 751 188 MARTIALIS

194 260 407 311 discipulos
437 259 591 299 dimitte
620 267 719 298 tuos.
778 259 859 307 Vis,
889 261 1051 310 garrule,
1082 267 1273 311 quantum

247 325 392 375 accipis
422 333 464 364 ut
492 327 648 373 clames,
679 325 856 376 accipere
885 332 928 364 ut
956 327 1115 364 taceas?

678 425 814 462 LXIX

195 497 297 535 Cum
328 494 456 542 futuis,
489 495 756 544 Polycharme,
788 495 888 533 soles
918 494 957 533 in
987 495 1064 533 fine
1094 508 1238 534 cacare.

248 574 337 599 cum
368 559 568 610 pedicaris‚
602 559 708 609 quid,
741 560 1006 609 Polycharme‚
1039 559 1162 598 sacis?

695 659 806 695 LXX

196 730 355 768 Dixerat
387 732 434 766 ‘o
464 731 617 767 mores!
657 741 680 766 0
710 736 887 778 tempora
906 729 934 766 !'
972 728 1125 766 Tullius
1155 727 1259 774 olim,

247 794 476 844 sacrilegum
507 801 670 831 strueret
702 806 793 831 cum
825 792 995 832 Catilina
1024 795 1143 840 nefas,

193 874 282 897 curn
313 873 430 909 gener
459 866 576 908 atque
606 871 717 896 socer
746 857 838 896 diris
869 866 1115 896 concurreret
1144 857 1260 896 armis

248 932 474 974 maestaque
503 922 605 961 civili
635 924 756 960 caede
786 924 961 961 maderet
990 924 1144 961 humus.

193 1003 260 1027 cur
290 1002 395 1026 nunc
427 992 472 1026 ‘o
503 1001 629 1026 rnores
650 989 677 1025 1²
707 1001 775 1026 cur
804 1001 908 1025 nunc
941 991 986 1026 ‘o
1015 988 1236 1037 temporal'
1266 986 1393 1025 dicis?

247 1054 355 1103 quod
384 1053 454 1091 tibi
484 1066 564 1090 non
593 1054 756 1102 placeat,
790 1051 1023 1099 Caeciliane‚
1057 1052 1152 1102 quid
1182 1053 1269 1090 est?

196 1120 302 1156 nulla
330 1119 477 1155 ducum
508 1116 648 1163 feritas,
680 1117 786 1154 nulla
816 1124 873 1154 est
904 1115 1056 1154 insania
1087 1115 1197 1164 ferri3

247 1196 343 1232 pace
372 1182 444 1219 frui
473 1189 578 1219 certa
606 1180 829 1230 laetitiaque
859 1180 958 1219 licet.

195 1249 286 1286 Non
318 1247 438 1285 nostri
469 1246 615 1284 faciunt
645 1245 715 1283 tibi
744 1247 852 1295 quod
883 1253 948 1284 tua
977 1254 1154 1295 tempora
1185 1246 1356 1291 sordent,

247 1314 316 1351 sed
346 1311 491 1350 faciunt
523 1324 659 1357 more&
693 1310 928 1356 Caeciliane,
960 1310 1024 1348 tui.
1485 1326 1521 1348 10

677 1410 809 1446 LXXI

196 1481 355 1530 Massyli
385 1482 446 1519 leo
476 1481 579 1518 fama
609 1479 685 1529 iugi
715 1479 946 1529 pecorisque
976 1479 1134 1517 maritus

247 1545 404 1595 lanigeri
435 1545 575 1583 mirum
605 1558 683 1594 qua
711 1544 839 1583 coiere
869 1545 956 1583 fide.

194 1611 275 1661 ipse
305 1611 394 1649 licet
424 1610 567 1655 videas,
600 1623 717 1647 cavea
747 1610 990 1647 stabulantur
1020 1609 1058 1647 in
1089 1623 1166 1647 una

247 1684 284 1713 et
314 1675 454 1725 pariter
483 1674 607 1713 socias
637 1674 759 1724 carpit
788 1682 951 1724 uterque
980 1675 1124 1724 dapes:

194 1754 265 1778 nec
296 1742 375 1777 fetu
406 1753 610 1778 nemorum
640 1741 812 1788 gaudent
842 1754 917 1778 nec
945 1739 1104 1777 mitibus
1139 1739 1278 1785 herbis,
1503 1757 1518 1786 5

248 1806 486 1842 concordem
517 1804 629 1842 satiat
658 1805 728 1842 sed
757 1804 862 1842 rudis
892 1817 991 1853 agna
1021 1805 1176 1841 famem.

195 1870 303 1918 Quid
334 1869 473 1907 meruit
504 1877 623 1907 terror
653 1870 835 1915 Nemees,
868 1868 963 1918 quid
993 1868 1157 1918 portitor
1188 1869 1336 1915 Helles,

248 1942 288 1972 ut
318 1934 466 1972 niteant
495 1933 588 1972 celsi
617 1933 747 1971 lucida
776 1933 884 1982 signa
913 1933 1024 1982 poli?

194 2000 320 2037 sidera
349 1998 379 2036 si
410 2006 569 2048 possent
599 1999 850 2048 pecudesque
879 1999 1060 2048 feraeque
1091 1998 1236 2045 mereri,

249 2063 311 2101 hic
340 2063 436 2101 aries
466 2063 588 2109 astris,
620 2063 682 2101 hic
712 2064 774 2101 leo
804 2062 944 2112 dignus
975 2071 1064 2101 erat.
1482 2080 1519 2100 10

242 2166 384 2196 LXVIII
414 2176 448 2196 11
476 2167 571 2195 mitte
588 2166 641 2195 ΒΑ
731 2171 858 2196 tanturn
883 2165 911 2195 T
1169 2166 1264 2196 LXX
1289 2165 1362 2197 lmh.
1387 2166 1415 2196 T
1499 2178 1516 2204 4

196 2215 346 2240 maneret
369 2210 397 2239 T
531 2211 561 2247 6,
587 2220 623 2239 10
650 2209 846 2239 maeciliane
866 2209 985 2248 tineo)
1003 2209 1056 2238 BA
1198 2220 1214 2247 7
1240 2208 1375 2248 ducum]
1394 2210 1470 2240 durn
1496 2210 1524 2239 T

195 2255 215 2283 8
240 2258 316 2291 pate
335 2252 383 2283 CA
402 2257 429 2291 tt
440 2257 501 2291 pro
518 2256 549 2291 c)
681 2263 702 2290 9
725 2252 783 2282 tibi
801 2253 890 2291 quod
909 2257 964 2281 tua
983 2252 1115 2282 AACA:
1141 2256 1195 2282 tua
1212 2254 1299 2291 quod
1318 2253 1375 2282 tibi
1392 2253 1446 2282 BA

240 2296 351 2326 LXXI
377 2296 449 2326 lmb.
476 2295 510 2325 T.
582 2294 667 2324 Cum
684 2295 778 2325 LXX
795 2294 887 2332 confl.
907 2295 960 2324 BA
1087 2306 1098 2324 1
1126 2297 1307 2335 pecorique
1326 2296 1373 2326 CA
1499 2306 1517 2325 2

196 2339 340 2378 lanigeni
362 2339 390 2369 T
475 2339 586 2368 coiere
604 2338 662 2367 AA
682 2339 785 2371 *coire
804 2339 850 2379 T)
867 2338 942 2368 BA:
971 2348 1115 2377 posuere
1136 2339 1183 2369 CA
1337 2351 1355 2377 4
1381 2339 1469 2378 capit
1494 2338 1522 2368 T

195 2384 215 2412 ὁ
239 2383 341 2413 seram
366 2381 499 2412 AACA:
533 2382 653 2412 famem
681 2382 734 2412 BA
919 2392 934 2421 7
959 2382 1103 2420 p.rtitor
1120 2382 1252 2412 AACA:
1285 2383 1439 2421 proditor
1463 2381 1518 2411 BA

194 2436 215 2465 9
239 2426 385 2465 pecudes
403 2432 483 2465 tom.
504 2426 582 2465 quc)
607 2425 635 2456 T
