1684 2715
276 77 332 114 M.
364 76 487 113 VAL.
521 74 835 112 MARTIALIS

221 187 329 236 quod
359 199 433 224 nec
463 184 680 235 Cecropiae
709 186 900 224 damnent
931 183 1147 222 Pandionis
1176 196 1284 222 arces

275 264 348 290 nec
378 250 516 289 sileant
546 250 668 289 nostri
696 257 1020 300 praetereantque
1051 261 1175 287 senes.

220 324 311 354 ante
340 317 442 354 fores
471 323 640 353 stantem
671 314 828 354 dubitas
857 313 1065 352 admittere
1096 315 1257 352 Famam

275 389 393 431 teque
422 380 528 430 piget
557 393 673 418 curae
702 379 875 429 praemia
903 380 1001 417 ferre
1030 381 1151 418 tuae?

223 455 311 495 post
341 454 378 484 te
408 445 580 484 victurae
608 458 676 494 per
707 454 744 482 te
773 458 933 494 quoque
961 443 1090 482 vivere
1119 445 1276 482 chartae

276 511 488 561 incipiant:
528 510 647 549 cineri
677 509 799 560 gloria
828 523 912 548 sera
940 509 1057 548 venit.

707 621 845 657 XXVI

222 696 442 743 Sextiliane,
476 696 578 735 bibis
607 704 800 746 quantum
831 695 1016 734 subsellia
1046 696 1222 746 quinque

275 763 404 800 solus:
446 775 548 811 aqua
578 760 722 799 totiens
752 760 882 799 ebrius
912 774 998 799 esse
1028 770 1167 811 potes3

223 840 294 865 nec
323 840 598 865 consessorum
630 825 758 864 vicina
788 825 1027 864 nomismata
1056 835 1221 873 tantum,

273 906 363 930 aera
392 893 462 930 sed
491 905 514 929 a
543 891 679 929 cuneis
710 890 893 929 ulteriora
923 891 1033 941 petis.

223 971 301 995 non
332 959 429 995 haec
462 956 655 1006 Paelignis
684 955 809 1006 agitur
838 955 1038 994 vindemia
1067 956 1184 1006 prelis

277 1035 350 1060 uva
382 1035 454 1059 nec
484 1021 522 1059 in
554 1021 694 1059 Tuscis
726 1020 897 1059 nascitur
928 1021 1000 1059 ista
1030 1021 1139 1071 iugis,

221 1095 319 1124 testa
349 1088 418 1125 sed
447 1086 599 1136 antiqui
629 1085 719 1124 felix
749 1085 916 1124 siccatur
946 1086 1093 1135 Opimi,

275 1151 393 1201 egerit
424 1160 461 1189 et
492 1151 622 1201 nigros
655 1151 826 1189 Massica
855 1152 954 1189 cella
982 1152 1115 1189 cados.

223 1218 255 1253 A
288 1230 442 1266 copone
473 1216 542 1254 tibi
573 1217 657 1254 faex
690 1217 876 1254 Laletana
907 1224 1071 1265 petatur,

276 1281 304 1319 si
336 1283 422 1332 plus
453 1295 570 1331 quam
602 1281 746 1328 decies,
778 1281 998 1328 Scxffliane,
1033 1280 1145 1319 bibis.

699 1392 860 1429 XXVII

333 1469 529 1506 Hesterna
559 1467 629 1505 tibi
660 1476 777 1505 nocte
806 1467 1041 1513 dixeramus,

330 1533 573 1582 quincunces
603 1541 700 1582 puto
729 1541 817 1582 post
848 1534 986 1585 decem
1018 1540 1209 1582 peractos,

331 1612 490 1636 cenares
521 1597 652 1644 hodie,
687 1597 865 1645 Pmcille,
899 1611 1067 1635 mecum.

330 1672 369 1700 tu
401 1664 542 1700 factam
574 1662 644 1711 tibi
675 1676 756 1700 rem
787 1662 917 1700 statim
948 1661 1092 1712 putasti

329 1720 476 1766 ct'non
507 1727 637 1766 sobria
665 1728 783 1778 verba
814 1727 1034 1775 subnotasti

329 1795 509 1842 exemplo
540 1792 705 1830 nimium
736 1792 980 1842 periculoso:

329 1862 427 1908 μισῶ
456 1860 626 1908 μνάμονα
654 1859 861 1907 συμπόταν,
895 1857 1071 1895 PrOCllle.

685 1963 870 2000 XXVIII

224 2039 424 2076 Hesterno
454 2039 574 2076 fetere
605 2051 713 2076 mero
743 2037 811 2088 qui
841 2037 963 2077 credit
994 2039 1194 2084 Acerram,

275 2103 444 2141 fallitur:
489 2103 526 2140 in
559 2103 687 2141 lucem
719 2116 873 2153 semper
903 2105 1046 2141 Acerra
1076 2101 1186 2141 bibit.

266 2207 363 2237 XXV
387 2218 406 2245 4
432 2208 557 2237 nostris
574 2206 629 2236 BA

1520 1295 1558 1316 10

264 2250 378 2280 XXVI
405 2261 423 2288 4
451 2251 540 2289 petis
552 2250 606 2279 BA
624 2262 629 2281 :
654 2251 738 2281 bibis
753 2251 801 2281 CA
855 2262 876 2292 9
901 2248 1366 2282 LaeetanaF›·1'edlaenderad
1380 2248 1404 2278 1.
1422 2247 1501 2278 xlix.
1517 2257 1558 2277 22

263 2294 395 2324 XXVII
421 2304 440 2323 2
463 2294 518 2333 qui
545 2304 632 2324 nunc
656 2300 707 2324 est
727 2296 775 2325 CA
951 2305 982 2333 3.
1004 2305 1019 2333 7
1045 2293 1193 2332 procelle
1221 2292 1299 2323 BA:
1335 2291 1476 2330 procille
1507 2290 1556 2321 CA

219 2351 236 2376 4
263 2338 385 2369 saetam
416 2337 469 2366 BA
490 2338 521 2377 (e
533 2342 594 2377 pm
611 2346 642 2377 c)
1035 2336 1186 2367 XXVIII
1211 2335 1284 2367 hab.
1306 2335 1340 2365 R
