1684 2763
735 151 1202 190 EPIGRAMMATON
1235 153 1338 191 LIss.
1371 154 1424 192 v]
1435 156 1472 192 11

260 261 471 299 scribarum
503 260 667 299 memori
697 260 863 310 piaeque
893 261 1030 299 turbae

259 327 365 375 quod
395 327 531 372 donas,
563 325 656 363 facis
685 325 768 375 ipse
799 325 1060 364 Blaesianum.

259 392 333 429 hoc
362 392 522 440 longum
553 390 632 437 tibi,
665 391 743 429 vita
771 392 866 429 dum
897 391 1083 438 manebit,
1442 410 1477 439 15

258 457 333 494 hoc
362 463 399 494 et
429 464 517 505 post
547 455 696 494 cineres
725 456 795 494 erit
824 455 1024 494 tributum.

618 562 797 598 XXXIX

152 630 231 679 Qui
263 630 462 670 Palatinae
491 639 647 681 caperet
677 631 856 669 convivia
886 644 1046 669 mensae

202 696 497 746 ambrosiasque
526 698 647 746 dapes
677 710 756 733 non
786 704 866 734 erat
894 704 985 734 ante
1015 698 1150 734 locus:

150 761 212 799 hic
242 761 394 799 haurire
423 763 537 799 (lecet
566 775 730 808 sacrum,
763 761 1008 808 Germanice,
1041 769 1173 799 nectar

204 834 241 864 et
272 829 528 876 Ganymedea
557 829 699 876 pocula
729 827 847 864 mixta
878 840 1006 864 manu.

151 893 248 929 Esse
277 892 381 938 velis,
414 906 494 938 oro,
526 906 632 930 serus
662 892 826 930 conviva
856 891 1075 929 Tonantis:

203 964 240 994 at
270 965 311 994 tu
341 957 371 994 si
402 970 596 1007 properas,
631 956 816 1006 Iuppiter,
849 956 932 1006 ipse
961 956 1060 994 veni.

666 1062 740 1098 XL

256 1133 349 1169 Non
380 1131 481 1169 horti
511 1145 639 1181 neque
668 1131 837 1181 palmitis
868 1130 971 1169 beati

255 1198 324 1235 sed
353 1196 425 1235 rari
454 1197 635 1243 nemoris,
668 1197 816 1247 Priape,
847 1204 990 1243 custos,

255 1275 300 1300 ex
330 1276 409 1312 quo
439 1270 552 1300 natus
582 1276 622 1300 es
651 1270 689 1301 et
718 1270 830 1312 potes
859 1261 1019 1308 renasci,

255 1327 415 1374 furaces,
448 1341 602 1374 moneo,
635 1341 774 1365 manus
803 1329 966 1377 repellas

256 1400 293 1430 et
322 1392 457 1430 silvam
488 1391 639 1430 domini
669 1392 766 1430 focis
795 1405 990 1430 reserves:
1458 1408 1474 1436 5

256 1456 285 1494 si
315 1456 501 1495 defecerit
529 1458 638 1503 haec,
670 1465 707 1495 et
737 1456 820 1506 ipse
848 1457 996 1506 lignum
1027 1469 1078 1494 es.

656 1557 751 1593 XLI

151 1626 310 1664 ‘Tristis
339 1628 611 1676 Athenagoras
642 1640 721 1665 non
752 1626 855 1664 misit
886 1640 1048 1664 munera
1077 1625 1191 1663 nobis

201 1705 301 1741 quae
332 1691 463 1729 medio
492 1692 655 1729 brumae
685 1691 837 1729 mittere
866 1704 1001 1730 mense
1030 1692 1153 1728 solet.'

148 1758 211 1794 An
241 1756 289 1795 sit
318 1758 590 1806 Athenagoras
620 1756 747 1804 tristis,
781 1757 976 1803 Faustine‚
1009 1756 1178 1795 videbo:

201 1834 263 1860 me
293 1829 396 1860 certe
425 1821 573 1859 tristem
603 1822 694 1860 fecit
724 1823 1006 1871 Athenagoras.

641 1922 759 1958 XLII

255 1990 294 2028 Si
324 1998 362 2028 te
391 1992 565 2040 sportula
595 1991 719 2029 maior
746 1993 797 2030 ad
827 1991 963 2030 beatos

253 2067 334 2093 non
364 2055 588 2104 corruperit,
620 2063 661 2093 ut
691 2057 799 2102 solet,
832 2056 965 2095 licebit

253 2120 303 2157 de
333 2128 478 2167 nostro,
510 2121 661 2168 Matho,
693 2120 840 2159 centies
868 2120 1016 2159 laveris.

192 2222 224 2252 X
262 2222 347 2252 XIX
371 2233 390 2261 3
414 2223 529 2253 audire
546 2223 600 2253 ΒΑ
619 2225 695 2265 <pro
711 2225 836 2263 aurire)
997 2234 1016 2263 5
1041 2234 1101 2255 oro
1121 2223 1215 2264 (EA,
1238 2223 1284 2254 vel
1298 2233 1355 2253 ore
1376 2220 1458 2262 (ΧΗ

149 2265 196 2294 CA
329 2268 349 2295 6
372 2271 429 2296 aut
444 2266 546 2297 ABG

193 2309 254 2339 XL
279 2318 297 2347 5
323 2308 387 2339 foci
405 2309 453 2339 CA

193 2352 271 2382 XLI
297 2351 367 2382 hab.
391 2352 421 2382 T

194 2395 291 2426 XLII
317 2405 337 2434 3
361 2395 482 2426 laberis
500 2395 548 2426 CA
