1684 2763
836 144 1093 180 EPIGRAM
1103 144 1302 181 MATON
1339 145 1437 181 [1113.
1473 143 1506 178 V

283 254 469 293 admittas
499 254 676 293 timidam
709 255 947 305 brevemque
976 257 1150 293 chartam

286 319 384 358 intra
415 319 549 358 limina
578 320 782 358 sanctioris
811 322 934 358 aulae.

287 385 389 423 nosti
419 393 597 435 tempora
626 394 668 423 tu
700 385 806 424 Iovis
835 386 974 432 sereni,

285 463 376 488 cum
406 452 526 500 fulget
555 450 712 500 placido
741 464 893 500 Suoque
922 452 1042 497 vultu,
1474 467 1509 488 10

286 528 367 564 quo
397 515 450 552 nil
480 515 724 565 supplicibus
754 517 853 554 solet
883 529 1034 566 negare.

288 593 368 617 non
398 588 456 618 est
485 582 594 630 quod
624 589 776 619 metuas
805 594 940 631 preces
970 581 1147 630 iniquas:

288 658 505 695 numquam
534 646 696 696 grandia
726 660 798 685 nec
829 648 994 685 molesta
1023 646 1148 695 poscit

287 723 389 759 quae
419 712 537 749 cedro
566 713 751 749 decorata
780 725 1029 761 purpuraque

289 772 406 821 nigris
435 773 576 823 pagina
605 773 724 812 crevit
754 773 960 811 umbilicis.
1474 789 1509 819 15

290 851 362 876 nec
392 838 605 887 porrexeris
634 838 718 885 ista,
750 840 819 877 sed
849 846 982 877 teneto

289 903 345 941 sic
374 911 576 953 tamquam
606 903 702 941 nihil
732 905 870 942 offeras
899 917 1080 954 agasque.

290 968 329 1006 Si
360 968 451 1006 novi
480 968 687 1007 dominum
719 982 862 1007 novem
892 982 1082 1014 sororum,

255 1080 259 1088 ⁸
290 1034 391 1071 ultro
421 1046 659 1084 purpureum
690 1041 796 1084 petet
826 1033 1013 1072 libellum.

694 1122 777 1158 VII

185 1190 363 1240 Qualiter
391 1191 571 1241 Assyrios
601 1198 790 1230 renovant
820 1190 1004 1229 incendia
1034 1190 1160 1233 nidos,

237 1270 316 1294 una
344 1257 484 1294 decem
514 1256 697 1306 quotiens
726 1257 882 1294 saecula
911 1255 1003 1293 vixit
1031 1255 1124 1301 avis,

185 1321 310 1360 taliter
338 1330 454 1360 exuta
483 1329 541 1360 est
571 1329 741 1360 veterem
771 1335 874 1360 nova
905 1323 1035 1359 Roma
1064 1328 1264 1359 senectam

238 1394 276 1426 et
305 1387 472 1436 sumpsit
501 1388 630 1425 vultus
660 1386 848 1437 praesidis
878 1386 963 1435 ipsa
992 1385 1061 1424 sui.

185 1453 262 1490 iam
292 1465 429 1502 precor
458 1451 603 1490 oblitus
633 1460 762 1498 notae,
793 1453 982 1497 Vulcane‚
1015 1452 1197 1500 querelae
1497 1469 1513 1499 5

239 1530 380 1567 parce:
420 1530 555 1555 sumus
586 1516 725 1554 Martis
755 1517 868 1554 turba
898 1517 967 1554 sed
997 1523 1035 1554 et
1065 1516 1256 1554 Veneris:

186 1595 311 1632 parce,
344 1589 475 1632 pater:
515 1581 570 1620 sic
600 1581 824 1619 Lemniacis
853 1580 998 1619 lasciva
1026 1580 1174 1618 catenis

239 1646 416 1696 ignoscat
445 1646 618 1685 coniunx
647 1654 685 1685 et
714 1646 907 1696 patienter
935 1654 1050 1683 amet.

688 1735 795 1772 VIII

296 1804 481 1843 Edictum
511 1804 663 1843 domini
692 1804 837 1854 deique
866 1803 999 1850 nostri,

295 1883 375 1920 quo
405 1870 589 1908 subsellia
618 1869 783 1908 certiora
811 1870 911 1907 fiunt

295 1942 333 1973 et
362 1948 480 1985 puros
510 1948 630 1984 eques
660 1934 818 1973 ordines
847 1933 1004 1983 recepit,

295 2002 391 2039 dum
421 2001 555 2038 laudat
585 2001 706 2039 modo
737 1999 874 2038 Phasis
904 1999 943 2037 in
973 2000 1136 2044 theatro,

297 2065 434 2104 Phasis
463 2065 667 2115 purpureis
697 2066 812 2103 ruber
841 2063 1017 2110 lacernis,
1499 2080 1515 2110 5

296 2138 334 2169 et
364 2130 481 2168 iactat
510 2130 664 2168 tumido
694 2131 886 2180 superbus
916 2143 1006 2167 ore:

299 2196 502 2233 ‘Tandem
531 2195 781 2233 commodius
810 2194 900 2233 licet
930 2195 1077 2239 sedere,

231 2298 277 2328 VI
303 2299 322 2328 8
346 2299 421 2328 aeui
441 2298 489 2328 CA
509 2300 585 2338 (pro
601 2298 688 2337 auie,
704 2302 765 2337 pro
781 2295 884 2335 a'ulel,
906 2298 993 2328 unde
1010 2298 1098 2328 intra
1115 2297 1241 2327 lumina
1258 2306 1283 2327 s.
1303 2296 1376 2327 aevi
1395 2296 1519 2326 Mum-0

196 2352 234 2372 10
258 2341 390 2378 placido
406 2342 460 2372 BA
476 2354 482 2372 :
508 2343 659 2381 placidus
678 2341 726 2372 CA

235 2385 299 2415 VII
325 2395 378 2415 vv.
399 2386 548 2422 1—4l1ab.
573 2385 633 2415 TR
722 2395 741 2424 5
767 2390 867 2415 notae
884 2385 960 2415 BA:
988 2389 1121 2414 nostrae
1137 2384 1186 2414 CA
1274 2384 1294 2413 8
1318 2393 1411 2413 ames
1430 2382 1475 2411 ζἈ

234 2428 317 2458 VIII
343 2438 362 2466 3
386 2429 504 2467 recipit
524 2429 577 2458 BA
718 2438 737 2466 5
762 2429 888 2458 rubens
912 2428 987 2458 BA:
1012 2427 1111 2457 ruber
1131 2427 1178 2457 CA

234 2489 338 2510 MART.
358 2490 411 2510 ΕΡ.
1412 2476 1432 2504 9
