1684 2763
207 145 261 181 M.
294 144 416 181 VAL.
451 143 766 181 MARTIALIS

205 264 358 294 nostros
386 268 539 293 amores
567 254 835 305 gaudiumque
864 255 1060 304 lususque.

206 328 243 358 et
272 333 357 358 esse
387 319 535 358 tristem
566 333 628 357 me
659 333 770 357 meus
799 326 903 357 vetat
934 321 1087 366 Paetus,

206 392 423 434 pectusque
453 385 612 434 pulsans
642 383 783 433 pariter
812 391 850 421 et
879 397 1035 422 comam
1064 385 1236 421 vellens:

210 451 389 488 ‘Defiere
418 463 498 487 non
528 457 566 487 te
595 450 778 487 vernulae
807 450 929 498 pudet
959 450 1158 486 mortem?
1495 464 1534 485 20

207 527 280 564 ego
309 513 543 563 eoniugem’
573 512 700 562 inquit
733 512 871 551 ‘extuli
902 520 939 550 et
970 520 1100 550 tamen
1131 512 1230 559 vivo,

208 587 352 625 notam,
385 578 606 628 superbam,
638 577 824 623 nobilem,
856 578 1121 626 locupletem.'

208 643 315 691 Quid
345 656 430 680 esse
459 649 592 680 nostro
622 641 757 680 fortius
787 648 915 691 potest
945 642 1095 679 Paeto?

207 706 439 745 ducentiens
469 706 619 756 accepit
649 714 686 743 et
715 713 848 743 tamen
877 705 980 742 vivit.

653 776 877 812 XXXVIII

209 842 455 880 Calliodorus
486 841 604 878 habet
633 839 940 889 censum—quis
970 839 1094 878 nescit
1110 841 1414 890 ?—equestrem,

262 910 386 952 Sexte,
420 906 488 943 sed
519 912 557 942 et
586 905 741 942 fratrem
773 903 1024 943 Calliodorus
1054 903 1184 941 habet.

211 970 530 1020 *Quadringenta
559 970 672 1007 seca'
702 968 769 1018 qui
799 968 894 1006 dicit
924 972 1020 1006 σῦκα
1039 969 1199 1018 μερίζει;

263 1049 343 1074 uno
372 1034 498 1073 credis
528 1047 631 1083 equo
661 1046 777 1082 posse
807 1034 944 1071 sedere
973 1034 1104 1071 duos?

210 1101 303 1151 quid
336 1114 425 1138 cum
456 1101 570 1137 fratre
601 1099 681 1145 tibi,
714 1099 810 1148 quid
840 1112 930 1136 cum
962 1100 1124 1136 Polluce
1155 1100 1354 1136 molesto?
1519 1114 1536 1143 5

263 1179 342 1204 non
373 1172 473 1203 esset
505 1165 641 1202 Pollux
671 1163 701 1201 si
732 1163 812 1210 tibi,
845 1164 985 1202 Castor
1013 1177 1107 1202 eras.

210 1245 310 1269 unus
340 1244 429 1268 cum
460 1229 552 1275 sitis,
584 1230 675 1274 duo,
710 1228 944 1275 Calliodore,
976 1228 1162 1266 sedebis?

264 1309 401 1345 surge:
440 1295 698 1343 σολοικισμόν,
732 1293 967 1338 Calliodore,
1000 1292 1104 1330 facis.

209 1369 275 1398 aut
305 1359 454 1397 imitare
483 1373 605 1409 genus
638 1360 806 1397 Ledae—
826 1371 914 1395 cum
947 1359 1059 1395 fratre
1089 1358 1224 1396 sedere

265 1438 343 1463 non
374 1432 550 1474 potes—z
597 1422 764 1469 alternis,
798 1422 1032 1468 Calliodore,
1065 1423 1168 1460 sede.
1500 1439 1539 1461 10

678 1495 857 1531 XXXIX

319 1562 527 1609 Supremas
558 1558 626 1596 tibi
657 1557 812 1596 triciens
842 1557 880 1594 in
910 1570 1016 1595 anno

319 1624 485 1674 signanti
516 1625 678 1670 tabulas,
711 1622 892 1668 Charine,
925 1622 1010 1659 misi

322 1688 510 1738 Hyblaeis
542 1688 718 1726 madidas
749 1687 891 1736 thymis
920 1689 1130 1736 placentas.

320 1754 471 1792 defeci:
512 1753 692 1791 miserere
722 1752 809 1798 iam,
843 1752 1036 1791 Charine:

321 1819 428 1868 signa
457 1817 587 1863 rarius,
618 1824 684 1854 aut
714 1818 834 1854 semel
864 1817 924 1854 fac
953 1816 1061 1862 illud,
1521 1832 1538 1861 5

322 1882 506 1921 mentitur
536 1890 602 1920 tua
631 1882 739 1931 quod
769 1880 938 1919 subinde
968 1881 1093 1918 tussis.

322 1948 471 1986 excussi
503 1949 733 1996 loculosque
766 1948 1072 1995 saeculumque:

323 2015 470 2052 Croeso
500 2012 656 2050 divitior
685 2011 774 2049 licet
802 2010 973 2057 fuissem,

324 2079 387 2115 Iro
418 2076 623 2126 pauperior
652 2077 786 2121 forem,
819 2075 1001 2122 Charine,

322 2142 351 2179 si
382 2143 574 2179 conchem
605 2140 748 2178 totiens
779 2153 905 2178 meam
935 2153 1143 2178 comesses.
1500 2155 1539 2176 10

263 2239 299 2267 17
324 2228 483 2266 lesusque
501 2231 538 2257 ul
553 2226 615 2257 vid.
635 2225 684 2256 CA
702 2226 842 2265 (nonA)
1040 2237 1081 2256 22
1104 2235 1222 2256 noram
1240 2225 1303 2263 CA,
1321 2224 1405 2254 unde
1422 2235 1537 2255 noram

215 2285 254 2311 sn,
270 2283 313 2310 n.,
328 2273 349 2302 l.
368 2274 507 2310 (poetae,
519 2280 583 2300 non
595 2269 703 2308 Paeto,
719 2280 811 2299 versu
828 2269 918 2303 dato}
936 2268 1077 2299 Schenkl
1348 2268 1536 2298 XXXVIII

214 2326 234 2353 3
258 2325 335 2345 seca
361 2314 524 2354 Rnlgets:
549 2318 641 2343 secat
665 2312 754 2342 codd.
842 2311 955 2351 μερίζει
972 2311 1091 2351 Ραίιζγε
1126 2310 1227 2350 μεριζε
1248 2311 1400 2351 (merize)
1428 2311 1538 2342 codd:

219 2369 225 2375 ·
238 2369 292 2397 qu.
319 2368 395 2389 seca
407 2358 413 2369 '
438 2357 494 2397 qui
512 2357 607 2395 dicis⁷
627 2367 656 2388 σ.
676 2354 776 2395 μέριζε
795 2354 948 2394 Postgate
966 2355 1103 2394 (soum.
1122 2355 1209 2385 Phil.
1228 2365 1286 2392 xx,
1304 2356 1361 2392 4ο)
1520 2365 1536 2393 7

216 2403 301 2432 duos
329 2402 376 2432 CA
497 2401 632 2430 sedebis
656 2398 837 2429 Markland
860 2397 933 2429 MS.
967 2399 998 2428 in
1031 2398 1164 2438 exempl.
1192 2408 1264 2429 suo:
1296 2397 1424 2429 sedetis
1449 2397 1537 2428 codd.

217 2445 371 2475 XXXIX
389 2455 410 2484 9
428 2443 496 2485 Iro]
513 2444 579 2474 Pro
594 2443 641 2474 CA
704 2453 743 2473 10
759 2441 912 2473 conchen
926 2441 979 2471 BA
