1684 2763
788 141 1257 180 EPIGRAMMATON
1291 143 1393 179 LIB.
1428 143 1485 179 IV

639 254 777 291 XXVI

157 326 278 374 Quod
309 332 345 363 te
376 337 490 362 mane
520 323 628 362 domi
660 331 744 361 toto
774 336 853 361 non
884 323 1054 361 vidimus
1083 337 1202 364 anno.

209 390 266 427 vis
295 389 424 428 dicam
455 396 662 438 quantum,
693 390 894 436 Postume,
922 389 1191 439 perdiderim?

156 455 356 500 Tricenos,
388 462 495 504 puto,
529 454 597 501 bis,
631 454 790 492 vicenos
820 462 886 500 ter,
919 462 1025 504 puto,
1058 467 1254 492 nummos.

211 521 421 569 Ignosces:
461 521 647 569 togulam,
680 521 878 566 Postume,
910 520 1030 569 pluris
1060 533 1161 558 emo.

631 597 793 634 XXVII

156 664 281 711 Saepe
312 674 420 699 meos
449 662 608 699 laudare
635 663 747 708 soles,
780 663 968 711 Auguste,
999 661 1162 699 libellos.

210 725 365 764 invidus
395 739 487 764 ecce
517 734 655 775 negat:
696 740 790 764 num
821 727 950 764 minus
981 740 1072 777 ergo
1102 728 1235 765 soles?

156 790 251 840 quid
282 792 390 840 quod
421 792 614 829 honorato
645 805 724 829 non
755 793 838 829 sola
867 805 963 829 voce
993 791 1135 830 dedisti

211 869 289 893 non
320 855 417 893 alius
448 864 598 905 poterat
628 869 729 905 quae
759 858 851 894 dare
881 858 987 894 dona
1017 856 1144 894 mihi?

159 922 263 958 Ecce
292 920 429 958 iterum
463 921 592 970 nigros
623 921 803 959 conrodit
833 921 974 959 lividus
1005 935 1165 970 ungues.
1472 937 1486 966 5

211 986 271 1030 da,
305 986 459 1031 Caesar,
493 993 602 1023 tanto
632 993 672 1023 tu
704 986 839 1035 magis,
869 994 911 1024 ut
941 987 1083 1024 doleat.

637 1063 822 1100 XXVIII

266 1126 432 1164 Donasti
463 1133 609 1173 tenero,
642 1128 783 1175 Chloe,
813 1129 994 1178 Luperco

267 1191 466 1241 Hispanas
496 1191 713 1242 Tyriasque
742 1192 1015 1242 coccinasque,

265 1263 303 1294 et
332 1258 451 1294 lotam
483 1257 619 1307 tepido
648 1265 779 1307 togam
811 1259 993 1300 Galaeso,

267 1322 390 1360 Indos
420 1323 696 1372 sardonychas,
730 1324 894 1373 Scythas
924 1324 1162 1373 zmaragdos,

265 1394 303 1424 et
332 1394 491 1425 centurn
522 1387 706 1426 dominos
736 1402 862 1426 novae
892 1396 1102 1426 monetae:
1472 1405 1486 1432 ,ε

265 1459 303 1489 61
333 1452 527 1502 quidquid
558 1453 654 1503 petit
684 1467 809 1503 usque
839 1461 877 1492 et
906 1467 1032 1504 usque
1062 1454 1197 1492 donas.

265 1518 350 1555 Vae
378 1517 578 1566 glabraria,
610 1531 680 1556 vae
710 1518 779 1556 tibi
810 1518 982 1556 misella:

266 1582 412 1619 nudam
444 1590 482 1620 te
511 1590 654 1621 statuet
684 1591 772 1621 tuus
804 1585 1015 1634 Lupercus.

642 1656 782 1691 XXIX

160 1717 316 1766 Opstat,
344 1731 431 1756 care
463 1719 635 1766 PudenS,
666 1719 806 1757 nostris
837 1733 906 1757 sua
935 1719 1049 1757 turba
1078 1718 1217 1756 libellis

212 1783 479 1833 lectoremque
509 1785 691 1834 frequens
721 1786 837 1822 lassat
868 1792 905 1823 et
934 1784 1071 1834 implet
1101 1797 1210 1834 opus.

159 1860 241 1885 rara
271 1847 427 1886 iuvant:
467 1849 602 1899 primis
631 1850 686 1888 sic
717 1850 840 1889 maior
867 1849 989 1900 gratia
1019 1849 1158 1900 pomis,

214 1912 400 1952 hibernae
430 1914 597 1963 pretium
628 1915 682 1953 sic
712 1928 889 1954 meruere
918 1928 1028 1953 rosae
1044 1930 1052 1961 3

160 1977 214 2016 sic
243 1978 504 2028 spoliatricem
536 1981 791 2018 commendat
821 1981 940 2017 fastus
970 1979 1137 2017 amicam
1472 1994 1486 2022 ,ε

214 2042 330 2081 1311113
359 2057 432 2082 1166
462 2044 643 2082 111ν6116111
674 2058 828 2094 semper
857 2052 991 2094 aperta
1020 2052 1137 2082 tenet.

160 2107 313 2157 saepius
343 2108 382 2146 in
412 2108 511 2147 libro
542 2117 768 2147 numeratur
798 2109 952 2148 Persius
982 2122 1062 2147 uno

214 2186 333 2222 quam
363 2173 457 2212 levis
488 2173 527 2211 in
558 2181 639 2212 tota
670 2176 825 2212 Marsus
856 2173 1112 2212 Amazonide.

206 2247 319 2278 XXVI
345 2249 418 2279 hab.
443 2249 473 2279 T
557 2260 575 2279 2
600 2255 759 2288 quantum
777 2261 842 2281 om.
868 2250 898 2280 T
980 2260 1000 2289 3
1024 2249 1178 2289 vicenos]
1198 2249 1304 2278 denos
1323 2247 1370 2277 CA
1471 2258 1489 2283 4

162 2291 324 2329 ignoscen
348 2291 377 2321 T
503 2292 637 2323 XXVII
663 2294 735 2324 hab.
756 2293 789 2323 R
872 2303 891 2323 2
917 2303 986 2323 non
1006 2294 1065 2332 (ita
1078 2293 1125 2332 Q)
1142 2303 1180 2322 ex
1195 2302 1239 2322 no
1253 2291 1286 2321 R
1306 2291 1376 2329 (vix
1391 2289 1449 2318 ΑΑ
1483 2301 1488 2318 :

162 2344 238 2364 num
255 2334 361 2365 BACA
457 2346 477 2374 3
501 2337 661 2375 quidquid
680 2337 712 2368 h.
732 2336 775 2367 R.
865 2346 884 2375 5
910 2338 1075 2367 conrodet
1092 2337 1125 2366 R
1300 2333 1451 2364 XXVIII
1470 2344 1489 2370 3

162 2382 267 2407 totam
286 2379 399 2417 lepido
416 2383 519 2409 totam
537 2380 593 2410 BA
681 2382 701 2411 8
726 2381 852 2410 nudum
872 2380 920 2410 CA
1024 2379 1146 2410 XXIX
1171 2389 1190 2409 2
1214 2388 1299 2417 opes
1316 2378 1371 2408 BA
1471 2386 1479 2392 ⁷

164 2421 291 2459 pudent
310 2422 362 2451 BA
378 2433 385 2452 2
409 2423 525 2453 iuuant
541 2423 588 2453 CA
712 2425 732 2454 8
758 2433 890 2454 marcus
910 2423 956 2453 CA
