1684 2763
741 141 1208 180 EPIGRAMMATON
1240 142 1343 179 LIB.
1376 143 1430 179 Vl
1442 142 1480 179 II

662 253 762 290 XIX

156 324 308 372 Pauper
336 322 457 361 videri
487 321 616 361 Cinna
645 324 754 371 vult;
791 331 830 361 et
858 331 916 362 est
945 337 1104 373 pauper.

671 406 748 442 XX

154 476 256 513 (jum
287 475 405 513 facias
434 488 566 513 versus
596 477 702 513 nulla
732 489 811 513 non
842 477 928 514 luce
958 477 1147 523 ducenos,

207 541 320 586 Vare,
353 539 448 577 nihil
478 540 626 578 recitas.
686 541 779 579 Non
809 541 923 591 sapiS‚
953 549 1073 592 atque
1101 541 1215 592 sapis.

659 629 757 665 XXI

157 699 395 747 l'hosphore,
427 699 547 736 redde
576 698 706 737 diem:
745 698 840 748 quid
869 698 1012 749 gaudia
1041 707 1172 737 nostra
1202 699 1390 737 moraris?

207 764 374 801 Caesare
403 771 579 811 venturo,
613 764 855 813 Phosphore‚
887 765 1007 802 redde
1037 764 1154 802 diem.

156 830 284 865 Roma
312 836 431 878 rogat.
491 828 639 866 Placidi
669 828 863 878 numquid
893 836 930 867 te
959 829 1066 878 pigra
1096 831 1247 867 Bootae

206 894 376 942 plaustra
406 894 566 941 vehunt,
596 895 702 931 lento
732 895 841 943 quod
871 893 986 931 nimis
1015 907 1086 932 axe
1115 894 1254 932 venis?

156 958 311 996 Ledaeo
341 966 495 1008 poteras
523 958 721 997 abducere
751 960 934 1008 Cyllaron
963 967 1091 997 astro:

205 1022 288 1072 ipse
317 1036 388 1060 suo
417 1024 531 1061 cedet
561 1037 666 1061 nunc
696 1023 766 1061 tibi
796 1025 936 1062 Castor
964 1037 1079 1073 equo.

153 1087 260 1135 Quid
289 1087 478 1137 cupidum
509 1087 651 1126 Titana
680 1090 820 1126 tenes?
868 1089 953 1125 Iam
983 1089 1167 1126 Xanthus
1196 1096 1235 1126 et
1263 1090 1421 1126 Aethon

204 1153 311 1190 frena
340 1155 488 1200 volunt,
518 1153 649 1204 vigilat
679 1153 908 1192 Memnonis
936 1155 1040 1191 alma
1068 1167 1220 1204 parens.

152 1219 261 1255 tarda
289 1225 421 1256 tamen
452 1218 600 1257 nitidae
630 1232 709 1257 non
740 1220 887 1257 cedunt
916 1218 1044 1257 sidera
1072 1219 1160 1266 luci,

204 1290 242 1320 et
271 1283 378 1333 cupit
407 1283 630 1322 Ausonium
660 1285 753 1322 luna
781 1283 913 1321 videre
942 1285 1097 1322 ducem.
1443 1301 1479 1321 10

152 1349 248 1394 Iam,
281 1349 436 1395 Caesar,
468 1350 527 1386 vel
558 1356 675 1387 nocte
703 1348 816 1387 veni:
855 1356 958 1386 stent
987 1356 1089 1386 astra
1117 1348 1262 1396 licebit,

204 1425 283 1450 non
314 1413 413 1451 derit
443 1414 590 1463 populo
621 1421 658 1452 te
687 1413 869 1452 veniente
899 1413 994 1452 dies.

642 1501 765 1538 XXII

152 1571 298 1609 Invitas
327 1572 377 1610 ad
407 1584 556 1621 aprum,
588 1571 702 1621 ponis
732 1571 838 1618 mihi,
872 1571 1033 1618 Gallice,
1064 1584 1240 1621 porcum.

203 1636 368 1686 hybrida
397 1650 495 1683 sum,
527 1636 557 1674 si
587 1637 668 1683 das,
701 1636 861 1684 Gallice,
892 1637 1010 1675 verba
1045 1636 1151 1674 mihi.

631 1725 777 1762 XXIII

152 1796 247 1831 Esse
277 1793 347 1831 tibi
376 1794 512 1832 videor
539 1807 677 1832 saevus
706 1793 953 1844 nimiumque
980 1795 1150 1844 gulosus,

202 1858 269 1908 qui
298 1866 455 1908 propter
482 1872 634 1906 cenam,
666 1858 841 1906 Rustice,
871 1860 996 1897 caedo
1025 1872 1178 1897 cocum.

150 1923 180 1960 si
210 1922 304 1961 levis
334 1923 406 1961 ista
435 1923 505 1961 tibi
536 1925 743 1974 flagrorum
774 1937 892 1962 causa
920 1924 1084 1971 videtur,

203 2002 249 2026 ex
278 2001 356 2038 qua
385 1988 440 2026 vis
470 2002 587 2026 causa
616 1990 773 2039 vapulet
803 2002 894 2039 ergo
923 1991 1073 2027 cocus?

194 2091 261 2121 XX
283 2091 355 2122 hab.
375 2091 408 2121 R
499 2102 512 2122 1
540 2093 702 2123 ducentas
718 2092 751 2122 R
770 2094 847 2133 (pro
862 2092 991 2132 -ntos3)
1009 2104 1016 2123 :
1040 2093 1204 2123 ducentos
1219 2092 1249 2132 Q
1263 2093 1391 2132 (etforl.
1405 2093 1473 2129 BA)

150 2146 169 2164 2
188 2145 266 2165 vare
283 2134 420 2166 ΑΑΒΑε
444 2146 548 2174 quare
566 2135 614 2165 CA
799 2136 883 2166 XXI
909 2147 958 2167 vv.
981 2146 1051 2175 1-4,
1071 2146 1157 2175 9-12
1180 2137 1254 2167 lml).
1281 2136 1329 2175 T3
1346 2147 1394 2167 vv.
1416 2147 1475 2166 1-:2

149 2178 222 2208 lmb.
242 2177 276 2207 R
363 2189 382 2216 4
407 2189 470 2209 axe
483 2178 541 2208 ΑΛ
558 2191 564 2210 :
587 2178 784 2217 igneBACA
872 2189 891 2218 5
916 2180 1044 2219 poteris
1063 2179 1111 2209 CA
1199 2180 1365 2210 abducere
1381 2179 1473 2219 gEA)

151 2221 200 2251 vel
212 2221 292 2251 add-
310 2220 436 2262 (XBC)
457 2222 504 2252 CA
645 2224 666 2252 6
689 2227 769 2253 tunc
788 2222 835 2253 CA
967 2233 984 2262 7
1010 2228 1043 2254 et
1059 2233 1124 2254 om.
1145 2223 1193 2253 CA
1215 2229 1292 2262 (ρον
1305 2223 1470 2263 lzaplogr.)

151 2266 170 2293 8
194 2264 334 2302 uigilant
346 2264 394 2295 CA
486 2275 525 2295 10
547 2265 643 2307 luna]
658 2276 749 2296 roma
766 2266 796 2296 T
811 2265 938 2305 (elsort.
951 2266 1026 2305 ΑΛ)
1096 2267 1268 2296 ausoniam
1286 2290 1293 2297 .
1314 2291 1321 2297 .
1340 2290 1346 2296 .
1366 2267 1472 2296 lucem

152 2307 206 2337 ΒΑ
290 2317 325 2338 11
346 2308 442 2338 uenis
458 2314 553 2340 tenet
570 2309 616 2340 T:
633 2309 711 2339 ueni
732 2309 792 2349 (L)
806 2310 856 2339 vel
870 2311 947 2340 ueni
962 2309 1030 2341 sint
1045 2310 1165 2348 (PQf)
1180 2310 1233 2339 BA
1250 2321 1256 2340 :
1273 2310 1411 2340 uenient
1427 2309 1473 2338 CA

154 2350 245 2388 gueni
261 2355 353 2381 stent
373 2351 414 2389 G)
516 2362 554 2383 12
579 2352 682 2394 derit]
699 2353 763 2384 erit
784 2352 814 2383 T
1047 2353 1149 2383 XXII
1175 2364 1194 2383 2
1218 2353 1309 2394 sum]
1328 2357 1405 2383 sunt
1422 2352 1473 2381 BA

154 2394 275 2424 XXIII
299 2394 372 2425 lzab.
392 2394 425 2424 R
