1684 2763
232 139 289 176 M.
320 139 443 178 VAL.
476 140 792 180 MARTIALIS

676 254 904 292 XXXVIII

337 327 373 366 O
403 329 542 367 molles
572 328 643 367 tibi
673 329 913 379 quindecim,
947 331 1106 378 Calene,

335 406 436 442 quos
465 407 555 432 cum
586 394 759 444 Sulpicia
787 402 854 433 tua
882 395 1029 446 iugales

336 457 499 497 indulsit
527 460 626 498 deus
656 467 694 498 et
724 460 872 510 peregit
901 464 1050 499 annos!

335 536 359 561 o
389 537 467 562 nox
496 524 625 562 omnis
655 532 693 563 et
723 526 829 571 hora,
862 539 963 574 quae
993 533 1128 565 notata
1157 534 1214 564 est

335 588 432 626 caris
462 588 584 626 litoris
615 589 744 627 Indici
775 589 940 639 lapillis!
1546 609 1563 639 5

333 666 357 691 o
388 666 489 703 quae
518 653 676 702 proelia,
709 667 806 704 quas
835 654 1033 705 utrimque
1062 668 1213 705 pugnas

333 718 423 756 felix
453 719 620 756 lectulus
650 726 688 757 et
718 721 878 758 lucerna
906 719 1004 758 vidit

333 782 478 821 nimbis
509 783 616 822 ebria
647 783 941 823 Nicerotianis!

333 847 473 886 Vixisti
503 848 638 895 tribus,
671 862 695 887 o
726 850 886 897 Calene,
918 849 1072 888 lustris:

332 920 439 951 aetas
468 914 566 951 haec
597 913 667 952 tibi
697 922 779 953 tota
809 922 1047 964 conputatur
1525 931 1564 954 10

332 985 370 1015 et
401 979 506 1016 solos
537 992 720 1017 numeras
751 979 835 1018 dies
867 979 1004 1018 mariti.

332 1057 378 1081 ex
407 1043 482 1081 illis
512 1043 583 1081 tibi
613 1043 645 1082 si
675 1044 743 1082 diu
773 1053 948 1095 rogatam

331 1109 460 1146 lucem
492 1110 674 1147 redderet
704 1112 877 1160 Atropos
908 1111 969 1148 vel
999 1123 1132 1157 unam,

332 1175 468 1212 malles
498 1187 618 1224 quam
648 1175 798 1224 Pyliam
829 1183 966 1225 quater
995 1183 1205 1214 senectam.

690 1275 870 1311 XXXIX

224 1349 399 1387 Consule
429 1356 466 1387 te
498 1351 620 1388 Bruto
650 1352 759 1400 quod
790 1350 902 1398 iuras,
936 1349 1090 1397 Lesbia,
1123 1356 1268 1396 natam,

275 1413 461 1452 mentiris
522 1415 628 1453 Nata
657 1429 709 1462 es,
743 1415 899 1463 Lesbia,
931 1428 1021 1465 rege
1053 1416 1215 1453 Numa?

222 1479 277 1518 sic
307 1493 468 1529 quoque
498 1479 683 1519 mentiris.
745 1481 942 1530 Namque,
974 1487 1016 1518 ut
1047 1488 1113 1518 tua
1142 1480 1299 1518 saecula
1328 1487 1497 1527 narrant,

276 1547 367 1584 ficta
396 1548 635 1586 Prometheo
664 1547 804 1586 diceris
835 1561 920 1586 esse
949 1549 1043 1586 luto.

743 1647 817 1683 XL

330 1721 492 1770 Semper
522 1734 612 1759 cum
643 1721 739 1759 mihi
770 1721 965 1760 diceretur
994 1734 1078 1759 esse

329 1793 480 1824 secreto
510 1799 597 1824 mea
628 1788 739 1824 Polla
768 1800 858 1824 cum
889 1786 1068 1832 cinaedo,

328 1850 467 1900 inrupi,
500 1851 624 1901 Lupe.
684 1852 778 1889 Non
809 1858 890 1889 erat
920 1850 1121 1889 cinaedus.

730 1950 826 1987 XLI

222 2025 363 2062 Mense
393 2036 497 2061 novo
528 2023 615 2062 Iani
644 2032 828 2072 veterem,
862 2024 1078 2071 Proculeia‚
1111 2023 1294 2062 maritum

274 2088 419 2127 deseris
449 2097 567 2139 atque
597 2089 708 2128 iubes
739 2104 799 2128 res
830 2089 903 2128 sibi
934 2090 1080 2128 habere
1109 2102 1209 2127 suas.

263 2191 449 2222 XXXVIII
475 2201 493 2231 5
520 2193 625 2223 Indici
649 2193 724 2224 Ital.
746 2204 754 2224 :
793 2198 827 2224 et
857 2192 960 2223 indici
984 2191 1039 2222 ΒΑ
1064 2192 1142 2233 (-eis
1164 2189 1329 2232 PQWffl:
1366 2190 1487 2221 indicis
1519 2196 1552 2221 et

219 2235 284 2275 (X)
304 2236 352 2265 ml
368 2236 487 2266 indicis
506 2236 566 2276 (Ei
586 2236 636 2267 CA
771 2246 807 2266 11
826 2237 919 2267 solus
931 2235 987 2265 ΒΑ

262 2278 418 2309 XXXIX
443 2279 515 2310 hab.
540 2279 570 2310 T
671 2290 685 2310 1
711 2280 800 2320 quod
819 2278 958 2309 AABA:
982 2278 1062 2318 quid
1081 2277 1131 2308 CA
1307 2286 1327 2316 3
1353 2287 1498 2317 namque
1516 2282 1551 2307 ut

218 2322 331 2352 Aac».
349 2334 355 2352 z
380 2333 456 2352 nam
474 2323 528 2361 qui
546 2326 624 2362 {pro
641 2324 721 2362 quid
734 2325 757 2363 ἓ)
775 2323 830 2353 ΒΑ
920 2326 1060 2353 narrant
1083 2320 1203 2352 ΑΑΒΑ
1218 2331 1226 2352 :
1250 2330 1370 2351 narres
1388 2320 1437 2351 CA

262 2365 326 2396 XL
350 2375 369 2395 2
394 2376 469 2396 meo
488 2366 582 2407 QEA)
601 2367 650 2396 vel
665 2377 739 2397 mea
757 2366 821 2407 (X)
841 2366 891 2397 CA

263 2408 342 2439 XLI
368 2409 444 2441 hab.
465 2409 496 2440 T
582 2419 595 2440 1
621 2409 774 2440 Mensam
793 2410 874 2441 noui
897 2409 927 2441 T
