1684 2763
760 151 1228 192 EPIGRAMMATON
1262 154 1363 191 LIB.
1396 155 1452 191 XI

582 261 717 298 XLVI

130 331 214 367 Iam
244 329 317 367 nisi
347 342 415 379 per
444 342 626 367 somnum
658 343 737 368 non
768 329 899 379 arrigis
929 338 967 369 et
997 330 1078 379 tibi,
1113 331 1256 379 Maevi,

181 394 317 444 incipit
346 394 385 431 in
416 394 567 432 medios
598 394 741 433 meiere
770 409 888 446 verpa
917 397 1050 446 pedes,

128 459 295 497 truditur
322 467 361 498 et
390 459 519 509 digitis
549 473 756 509 pannucea
786 462 960 499 mentula
989 461 1098 499 lassis

181 537 254 563 nec
284 525 385 563 levat
415 525 629 563 extinctum
661 525 868 564 sollicitata
896 534 1024 576 caput.

129 589 237 637 Quid
268 589 430 628 miseros
460 591 601 628 frustra
630 604 782 629 cunnos
813 592 1003 641 culosque
1033 591 1220 630 lacessis?

181 667 336 693 summa
364 662 497 704 petas:
537 654 614 693 illic
645 657 820 694 mentula
848 656 941 694 vivit
969 670 1078 695 anus.

601 727 759 764 XLVII

130 789 276 828 Omnia
304 790 482 829 femineis
513 805 632 841 quare
661 791 805 830 dilecta
834 792 996 830 catervis

184 855 323 894 balnea
353 856 499 894 devitat
530 858 716 895 Lattara?
773 859 834 895 Ne
865 858 1000 895 futuat.

130 920 211 958 Cur
239 933 313 958 nec
343 921 533 971 Pompeia
562 923 690 960 lentus
720 922 910 971 spatiatur
938 922 977 960 in
1007 923 1147 961 umbra

183 998 256 1023 nec
285 985 381 1035 petit
413 986 626 1025 Inachidos
656 987 820 1025 limina?
877 989 939 1026 Ne
970 989 1106 1026 futuat.

130 1051 210 1089 Cur
240 1050 558 1089 Lacedaemonio
587 1053 735 1090 luteum
767 1060 964 1090 ceromate
993 1066 1134 1103 corpus

182 1115 380 1165 perfundit
408 1116 537 1166 gelida
565 1116 755 1166 Virgine?
812 1118 874 1155 Ne
903 1118 1040 1156 futuat.

131 1181 232 1219 Cum
263 1180 317 1219 sic
347 1180 507 1220 feminei
540 1181 692 1231 generis
726 1182 908 1232 contagia
936 1182 1041 1229 vitet,

181 1258 249 1283 cur
277 1245 388 1296 lingit
416 1259 592 1284 cunnum
622 1248 810 1285 Lattara?
867 1248 929 1285 Ne
957 1248 1094 1285 futuat.

593 1319 775 1355 XLVIII

131 1381 246 1420 Silius
275 1383 372 1420 haec
402 1382 533 1432 magni
563 1383 733 1421 celebrat
763 1381 1008 1420 monimenta
1040 1383 1228 1430 Maronis,

183 1446 314 1497 iugera
342 1447 501 1486 facundi
531 1447 598 1497 qui
628 1447 830 1487 Ciceronis
860 1448 990 1486 habet.

131 1514 315 1552 heredem
347 1513 636 1563 dominumque
665 1513 723 1551 sui
754 1513 943 1551 tumulive
972 1513 1110 1551 larisve

185 1591 263 1616 non
293 1578 414 1616 alium
444 1580 577 1616 mallet
606 1591 679 1616 nec
710 1579 824 1616 Maro
853 1591 927 1616 nec
958 1577 1108 1617 Cicero.

569 1650 705 1686 XLIX
737 1648 803 1699 (L)

134 1715 252 1751 Nulla
282 1721 339 1752 est
368 1715 464 1752 hora
492 1713 563 1752 tibi
592 1727 670 1763 qua
700 1727 779 1752 non
811 1727 885 1761 me,
918 1713 1054 1763 Phylli,
1087 1714 1279 1752 furentem

185 1778 403 1828 despolies:
443 1786 551 1816 tanta
580 1778 792 1817 calliditate
821 1778 934 1828 rapis.

133 1857 238 1882 nunc
266 1844 392 1893 plorat
421 1845 582 1894 speculo
612 1845 727 1881 fallax
754 1843 897 1882 ancilla
925 1843 1074 1891 relicto,

185 1921 342 1958 gemma
370 1910 431 1947 vel
460 1922 483 1947 a
512 1908 635 1959 digito
664 1910 725 1947 vel
755 1908 862 1947 cadit
890 1922 983 1947 aure
1012 1908 1137 1959 lapis;

132 1987 238 2011 nunc
265 1973 405 2011 furtiva
433 1973 528 2011 lucri
558 1974 639 2012 fieri
668 1973 907 2024 bombycina
940 1982 1115 2023 possunt,
1447 1988 1465 2018 5

186 2040 377 2088 profertur
406 2038 543 2078 Cosmi
572 2053 678 2078 nunc
708 2039 804 2077 mihi
833 2039 959 2078 siccus
989 2053 1115 2089 onyx;

133 2105 322 2153 amphora
351 2117 457 2142 nunc
485 2104 629 2154 petitur
657 2104 754 2154 nigri
783 2104 932 2143 cariosa
963 2103 1129 2151 Falerni,

187 2167 315 2218 expiet
343 2176 385 2206 ut
414 2182 575 2207 somnos
603 2171 754 2219 garrula
782 2182 873 2219 saga
901 2177 989 2207 tuos
1002 2184 1013 2218 3

177 2271 287 2302 XLVI
313 2282 362 2303 vv.
385 2283 444 2311 1—4
462 2274 535 2304 lzab.
560 2273 593 2305 T.
656 2274 743 2305 Cum
761 2273 856 2304 XLV
872 2272 964 2312 confi.
984 2272 1033 2303 CA
1137 2283 1150 2303 1
1178 2273 1296 2311 arrigit
1319 2272 1348 2303 T
1444 2284 1461 2309 4

133 2315 223 2346 leuet
240 2326 316 2347 corr.
337 2321 383 2346 -at
400 2320 437 2347 ut
451 2317 514 2348 vid.
534 2316 583 2347 CA
756 2327 775 2356 5
800 2317 942 2348 miseros
959 2327 1023 2348 om.
1041 2315 1090 2347 CA
1180 2317 1327 2346 lacessas
1344 2315 1372 2344 L
1391 2320 1464 2345 cmlv

134 2369 212 2390 rorr.
542 2360 671 2391 XLVII
700 2371 713 2390 1
740 2361 870 2392 delecta
887 2360 942 2390 BA
1272 2358 1419 2389 XLVIII
1444 2369 1463 2396 3

135 2402 319 2442 tumulique
337 2402 462 2433 Iarisue
480 2402 529 2434 CA
907 2403 1024 2434 XLIX
1047 2413 1096 2434 vv.
1119 2404 1192 2441 1-6‚
1211 2413 1315 2433 11-12
1341 2401 1412 2432 hab.
1439 2401 1467 2430 T

135 2456 153 2474 2
178 2446 338 2485 dispolias
359 2445 419 2475 ΑΑ
438 2458 445 2477 :
476 2446 647 2486 despolies
668 2446 776 2478 BACA
908 2448 928 2476 8
952 2457 1073 2477 somno
1089 2445 1146 2476 BA
