1684 2763
760 140 1226 178 EPIGRAMMATON
1261 141 1362 177 LIB.
1398 141 1459 177 111

617 253 772 289 LXVII

241 323 424 370 Cessatis,
456 322 575 373 pueri,
609 323 785 372 nihilque
815 323 949 370 nostis,

241 391 414 427 Vaterno
446 388 673 438 Rasinaque
704 388 901 438 pigriores,

240 467 408 503 quorum
440 468 508 504 per
537 455 637 492 vada
666 455 776 492 tarda
805 454 1032 504 navigantes

241 521 368 557 lentos
397 518 572 569 tinguitis
602 521 652 557 ad
682 521 862 557 celeuma
891 533 1031 558 remos.

241 585 317 622 iam
347 598 473 633 prono
504 585 751 622 Phaethonte
781 585 897 622 sudat
927 586 1086 623 Aethon
1448 603 1464 632 5

240 649 460 698 exarsitque
489 649 573 687 dies
603 657 642 687 et
671 650 768 687 hora
796 651 919 687 lassos

241 714 465 764 interiungit
495 727 619 764 equos
650 714 877 752 meridiana.

241 787 279 817 at
309 793 377 817 vos
407 787 485 817 tam
516 779 690 829 placidas
719 779 805 829 vagi
835 793 904 829 per
933 780 1060 817 undas

243 852 327 882 tuta
356 844 490 883 luditis
520 844 644 882 otium
675 844 816 882 carina.

242 923 321 947 non
353 918 491 947 nautas
521 917 617 959 puto
647 923 728 956 vos,
760 911 829 948 sed
861 912 1119 959 Argonautas.
1431 927 1467 947 10

601 998 781 1035 LXVIII

136 1070 230 1106 Huc
259 1076 316 1106 est
346 1081 470 1117 usque
500 1067 570 1106 tibi
600 1068 777 1118 scriptus,
810 1076 998 1115 matrona,
1030 1068 1195 1106 libellus.

188 1133 263 1172 Cui
293 1133 370 1171 sint
399 1133 543 1183 scripta
571 1147 682 1183 rogas
713 1133 927 1171 interiora?
967 1133 1073 1171 mihi.

133 1198 389 1248 gymnasium,
422 1199 607 1244 thermae,
639 1198 810 1237 stadium
841 1206 899 1236 est
928 1200 1002 1236 hac
1032 1206 1166 1248 parte:
1206 1200 1356 1237 recede.

188 1263 392 1301 exuimur:
433 1265 562 1301 nudos
593 1277 708 1313 parce
738 1263 871 1302 videre
900 1263 1015 1302 viros.

136 1327 226 1366 hinc
257 1328 334 1366 iam
364 1328 547 1378 deposito
577 1336 665 1378 post
695 1328 785 1367 vina
815 1342 1002 1378 rosasque
1031 1330 1196 1378 pudore,
1451 1346 1468 1375 5

189 1393 283 1442 quid
313 1393 419 1431 dicat
449 1393 573 1431 nescit
602 1393 735 1432 saucia
764 1394 1049 1444 Terpsichore:

135 1459 335 1496 schemate
365 1472 438 1497 nec
468 1458 603 1506 dubio,
635 1460 706 1497 sed
734 1467 868 1509 aperte
898 1459 1077 1497 nominat
1107 1458 1213 1496 illam

189 1537 307 1573 quam
339 1523 475 1572 recipit
505 1531 614 1562 sexto
645 1537 780 1562 mense
810 1525 979 1574 superba
1008 1526 1155 1570 Venus,

135 1589 342 1626 custodem
374 1588 506 1626 medio
537 1589 671 1626 statuit
701 1602 820 1638 quam
849 1589 986 1627 vilicus
1017 1590 1143 1635 horto,

189 1653 371 1703 opposita
401 1661 551 1703 spectat
581 1667 700 1703 quam
731 1655 854 1704 proba
884 1654 990 1704 virgo
1020 1668 1151 1692 manu.
1431 1670 1469 1690 10

136 1719 166 1757 si
196 1719 298 1757 bene
328 1727 365 1757 te
395 1718 496 1765 novi,
528 1721 690 1769 longum
720 1719 797 1757 iam
828 1721 928 1758 lassa
957 1720 1134 1758 libellum

190 1785 377 1834 ponebas,
411 1792 537 1822 totum
568 1798 674 1823 nunc
703 1785 882 1824 studiosa
911 1785 1016 1835 legis.

620 1874 756 1910 LXIX

138 1936 283 1975 Omnia
312 1938 420 1986 quod
450 1937 586 1976 scribis
616 1937 732 1976 castis
762 1937 1043 1988 epigrammata
1072 1937 1199 1976 verbis

190 2002 310 2052 inque
340 2002 415 2040 tuis
445 2004 552 2040 nulla
581 2010 639 2041 est
670 2005 845 2041 mentula
874 2002 1125 2050 carminibus,

137 2067 318 2114 admiror,
350 2068 498 2114 laud03
538 2068 635 2106 nihil
665 2076 723 2106 est
753 2076 790 2107 te
821 2068 993 2106 sanctius
1023 2081 1127 2106 uno:

191 2141 229 2170 at
258 2146 346 2170 mea
375 2132 525 2171 luxuria
553 2133 696 2183 pagina
724 2135 831 2171 nulla
860 2141 982 2171 vacat.

184 2236 310 2266 LXVII
336 2245 356 2265 2
383 2236 594 2277 Rasinaque]
614 2247 669 2267 res
685 2237 799 2275 inique
818 2236 865 2267 CA
953 2247 974 2275 9
997 2236 1134 2267 carinae
1155 2236 1202 2266 CA
1325 2233 1469 2265 LXVIII

137 2281 211 2311 Ιιαὸ.
237 2280 265 2311 Τ
396 2290 408 2309 1
436 2280 499 2310 hoc
522 2279 629 2310 BACA
651 2285 727 2320 (pro
747 2281 824 2312 huc)
975 2292 994 2319 4
1020 2281 1112 2310 uiros
1131 2279 1271 2310 AABA:
1296 2289 1406 2309 mares
1425 2278 1471 2308 CA

140 2325 203 2362 5-6
222 2328 297 2364 post
312 2336 361 2356 vv.
383 2324 445 2362 7-8
464 2323 513 2353 CA
630 2325 651 2353 6
675 2324 766 2354 dicas
785 2324 833 2354 CA
953 2334 969 2363 7
996 2334 1038 2354 ne
1061 2324 1090 2353 T
1141 2334 1202 2362 per
1221 2328 1253 2353 te
1273 2323 1317 2353 CA
1434 2331 1472 2350 10

141 2377 245 2406 prooa
268 2368 297 2397 T
397 2378 434 2397 12
458 2372 587 2398 tantum
604 2368 686 2398 AA:
710 2372 817 2397 totum
829 2366 934 2397 BACA
1040 2367 1125 2405 legis
1149 2366 1287 2396 ΑΑΒΑῑ
1312 2366 1406 2404 leges
1424 2364 1470 2394 CA

142 2411 204 2447 (ule.
224 2410 266 2441 —is
278 2413 307 2446 ⁶2)
527 2411 642 2441 LXIX
660 2411 731 2442 hab.
762 2411 791 2441 T
872 2420 885 2440 1
906 2411 1014 2451 quod]
1040 2421 1105 2450 que
1130 2410 1192 2449 (Le.
1213 2411 1313 2449 quae)
1338 2409 1367 2439 T
1453 2418 1470 2437 2

142 2454 276 2485 mentula
300 2455 329 2485 T
456 2464 474 2492 3
499 2454 548 2495 te]
568 2460 601 2485 et
625 2454 653 2484 T
781 2467 799 2492 4
818 2459 916 2485 uacet
939 2454 1054 2484 Tante
1069 2464 1147 2484 corr.
