1684 2763
224 127 279 163 M.
311 127 432 163 VAL.
465 127 777 164 MARTIALIS

738 240 814 275 XX

223 301 331 338 Nihil
361 309 419 340 est
449 302 625 340 miserius
655 316 784 352 neque
813 302 987 352 gulosius
1017 304 1165 340 Santra.

223 374 366 404 rectam
396 375 557 405 vocatus
587 381 676 405 cum
708 367 875 405 cucurrit
904 369 954 405 ad
984 381 1134 413 cenam,

221 444 339 479 quam
370 438 427 469 tot
457 431 596 470 diebus
627 431 888 481 noctibusque
918 432 1098 481 captavit,

221 503 277 532 ter
306 495 431 544 poscit
461 496 542 545 apri
572 497 787 545 glandulas,
820 503 957 545 quater
986 497 1182 536 lumbum.

221 568 257 597 ct
288 568 494 609 utramque
524 573 661 598 coxam
693 560 835 609 leporis·
865 568 902 597 et
932 562 1032 598 duos
1062 574 1204 605 armos,
1531 578 1545 607 5

222 638 293 662 nec
323 625 518 662 erubescit
546 625 718 674 peierare
748 627 797 663 de
828 626 944 662 turdo

220 697 256 727 et
287 697 504 727 ostreorum
534 703 668 738 rapere
698 689 838 727 lividos
869 689 997 727 cirros

221 754 354 792 buccis
383 756 586 804 placentae
616 754 814 793 sordidam
845 754 929 792 linit
960 768 1171 804 mappanr:

221 820 296 857 illic
326 828 363 857 et
393 833 490 857 uvae
520 821 777 858 conlocantur
806 821 943 857 ollares

219 892 255 921 ct
291 884 524 923 Punicorum
554 898 679 934 pauca
707 898 826 934 grana
854 886 1045 922 malorum
1510 899 1546 922 10

218 957 254 987 ct
285 958 491 988 excavatae
520 950 630 1000 pellis
660 949 848 988 indecens
877 951 1012 987 volvae

219 1022 255 1051 ct
287 1014 391 1064 lippa
421 1016 517 1052 ficus
546 1014 767 1064 debilisque
797 1014 962 1052 boletus.

218 1081 287 1117 sed
320 1093 462 1129 mappa
490 1093 579 1117 cum
612 1079 687 1116 iam
719 1079 823 1117 mille
853 1079 1044 1129 rumpitur
1075 1079 1193 1125 furtis,

220 1158 327 1181 rosos
357 1144 504 1193 tepenti
534 1145 748 1194 spondylos
778 1143 877 1181 sinu·
895 1143 1030 1181 condit

220 1217 255 1246 et
285 1210 472 1246 devorato
502 1209 629 1259 capite·
659 1216 845 1247 turturem
876 1217 1068 1247 truncum.
1508 1223 1543 1254 ¹5

220 1274 402 1323 colligere
433 1275 548 1323 longa
579 1281 690 1323 turpe
720 1287 792 1311 nec
823 1281 932 1323 putat
961 1275 1095 1311 dextra

217 1340 395 1376 analecta
425 1338 618 1388 quidquid
649 1346 686 1376 et
716 1352 832 1376 canes
862 1337 1111 1387 reliquerunt.

218 1417 289 1441 nec
320 1405 520 1441 esculenta
550 1403 689 1441 sufficit
719 1405 831 1452 gulae
863 1404 1017 1452 praeda,

219 1468 339 1506 mixto
369 1470 549 1517 lagonam
580 1470 701 1518 replet
731 1470 781 1506 ad
812 1469 932 1517 pedes
963 1468 1064 1506 vino.

223 1535 331 1571 Haec
362 1547 429 1583 per
458 1535 648 1572 ducentas
678 1547 767 1571 cum
798 1535 961 1571 domum
993 1534 1079 1571 tulit
1110 1534 1232 1570 scalas
1506 1549 1544 1570 20

217 1612 336 1647 seque
367 1599 545 1636 obserata
575 1598 689 1636 clusit
718 1598 855 1636 anxius
885 1600 981 1637 cella

218 1666 375 1711 «gulosus
406 1663 479 1710 ille,
512 1671 668 1713 postero
697 1663 761 1701 die
790 1663 934 1701 vendit.

724 1735 821 1771 XXI

222 1800 332 1835 Haec
362 1806 419 1836 est
449 1798 512 1835 illa
541 1797 636 1841 dics,
669 1798 797 1847 magni
828 1812 928 1847 quae
958 1798 1115 1835 conscia
1145 1805 1274 1846 partus

275 1865 476 1900 Lucanum
507 1862 662 1912 populis
692 1870 729 1900 ct
760 1862 840 1908 tibi,
874 1863 993 1907 Polla,
1026 1862 1146 1900 dedit.

219 1930 320 1965 heu!
360 1929 467 1965 Nero
497 1927 664 1966 crudelis
695 1929 879 1977 nullaque
909 1927 1067 1965 invisior
1097 1927 1244 1967 umbra,

271 1992 408 2030 debuit
439 1994 514 2030 hoc
545 1994 682 2030 saltem
714 2006 794 2030 non
826 1992 981 2030 licuisse
1011 1992 1092 2030 tibi.

261 2078 327 2107 XX
353 2088 372 2107 2
396 2079 539 2109 cucurrit
555 2078 628 2110 Ital.
649 2091 655 2109 :
677 2079 779 2108 currit
796 2078 883 2110 codd.
991 2080 1011 2110 8
1035 2079 1128 2110 buce.
1148 2079 1231 2118 plac.
1247 2079 1380 2109 Scrsvrr.
1397 2090 1402 2109 :
1427 2078 1540 2108 buccis

218 2121 434 2160 plangentem
451 2122 504 2151 BA
521 2134 528 2152 :
552 2123 658 2152 dulcis
675 2122 829 2161 placenta
845 2123 893 2153 CA
1000 2132 1143 2162 pappam
1163 2125 1199 2152 ut
1214 2121 1277 2152 vid.
1298 2121 1348 2150 ('A
1521 2133 1541 2159 ς)

217 2165 339 2195 oliares
358 2165 411 2194 BA
439 2165 466 2205 gl
489 2170 548 2205 pro
574 2166 614 2195 Lx
780 2176 818 2205 13
842 2166 956 2206 furtis]
983 2167 1075 2196 uirus
1101 2164 1141 2198 L.
1171 2165 1265 2195 hirus
1292 2164 1332 2201 P,
1359 2164 1470 2194 hircus
1499 2164 1538 2203 Q.

218 2208 316 2238 lurris
340 2210 363 2248 (Ζ
381 2209 524 2247 ἰιιῑιιςδ]
666 2219 702 2247 14
728 2209 877 2248 tepentis
902 2209 1093 2247 phondulos
1117 2208 1218 2248 (som)
1237 2208 1290 2237 BA
1443 2217 1480 2246 15
1507 2214 1539 2239 et

216 2253 397 2281 demoratos
417 2251 494 2282 BA:
522 2252 723 2282 indeuorato
749 2262 832 2292 gom.
858 2252 904 2289 et)
930 2252 977 2282 CA
1082 2257 1245 2282 turturum
1268 2251 1364 2289 (EX)
1389 2251 1437 2281 vel
1456 2262 1539 2281 -rem

219 2296 282 2333 (A‘J
310 2294 358 2324 (A
537 2297 575 2325 16
594 2296 706 2336 putat]
725 2297 828 2334 pudet
850 2299 886 2326 nt
901 2295 963 2325 vid.
986 2294 1035 2325 CA
1203 2296 1240 2326 18
1264 2294 1476 2325 aesculentes
1493 2295 1540 2324 CA

217 2338 387 2376 praederit
405 2338 452 2368 CA
465 2337 516 2375 (ᾧ
530 2350 557 2369 v.
577 2340 688 2378 17fin.
704 2340 829 2377 erunt)
921 2348 963 2368 20
988 2339 1085 2368 domo
1104 2338 1151 2368 CA
1241 2348 1278 2368 21
1299 2339 1473 2368 obsecrata
1492 2338 1539 2369 ζἈ

262 2381 344 2411 ΧΧῙ
369 2381 440 2412 hab.
460 2380 494 2412 R
586 2391 597 2412 1
626 2393 710 2422 quae
728 2383 840 2422 magni
856 2381 967 2413 AACA
982 2393 988 2412 :
1013 2383 1125 2421 magni
1143 2392 1227 2421 quae
1244 2382 1296 2411 ΒΑ
