1684 2763
189 151 655 190 EPIGRAMMATON
687 152 789 190 LIB.
820 153 905 190 XII

295 262 404 301 molli
432 262 575 313 pollice
604 277 677 302 nec
707 271 841 313 rogata
869 263 1000 314 surgit.

295 327 352 366 Sit
380 329 541 366 tandem
570 329 698 378 pudor
725 336 792 366 aut
821 341 956 367 eamus
984 327 1024 366 in
1054 328 1124 367 ius.
1479 345 1516 368 10

295 406 375 431 non
405 400 463 431 est
492 394 589 431 haec
618 400 695 440 tua,
728 394 871 432 Basse:
910 393 1134 432 vendidisti.

649 498 832 537 XCVIII

190 578 319 617 Baetis
349 578 522 617 olivifera
551 579 698 617 crinem
727 579 908 617 redimite
938 592 1094 625 corona,

241 657 358 682 aurea
386 643 453 693 qui
483 643 616 681 nitidis
646 645 787 681 vellera
816 642 960 692 tinguis
988 642 1128 692 aquis3

188 722 305 757 quem
337 708 532 756 Bromius,
562 721 680 758 quem
712 709 838 746 Pallas
867 715 996 755 amat3
1034 707 1097 745 cui
1127 715 1253 746 rector
1281 722 1470 759 aquarum

243 773 387 810 Albula
415 772 640 822 navigerum
671 786 739 822 per
767 773 863 810 freta
892 771 1030 822 pandit
1060 771 1154 810 iter:

187 836 386 876 ominibus
415 837 525 875 laetis
556 844 699 875 vestras
731 836 946 875 Instantius
980 849 1066 874 oras
1500 856 1517 887 5

242 902 356 940 intret
387 909 424 940 et
453 902 517 940 hie
547 902 702 952 populis
731 909 773 940 ut
802 901 906 952 prior
933 915 1060 940 annus
1090 910 1163 940 eat.

189 982 268 1005 non
299 967 450 1017 ignorat
479 981 580 1005 onus
610 968 718 1017 quod
749 966 797 1005 sit
827 968 1039 1005 succedere
1070 968 1235 1015 Macr03

242 1032 308 1082 qui
339 1046 408 1070 sua
438 1032 595 1070 metitur
623 1034 799 1083 pondera
827 1033 925 1070 ferre
954 1040 1093 1082 potest.

232 1152 378 1183 XCVIII
404 1162 424 1191 3
449 1152 600 1191 promius
619 1151 665 1182 CA
785 1152 848 1189 5—8
874 1161 946 1182 nov.
972 1152 1073 1191 cptgr.
1090 1150 1124 1181 in
1140 1151 1194 1181 ΒΑ
1320 1161 1339 1190 5
1364 1152 1518 1183 omnibus

192 1195 285 1235 1,EA)
298 1196 347 1226 vel
359 1196 528 1226 ominibus
544 1195 611 1236 (X)
630 1194 679 1225 CA
745 1193 949 1225 intrantibus
960 1194 1014 1224 BA
1029 1195 1144 1232 ginstr-
1160 1194 1227 1234 Q):
1252 1195 1454 1225 instantibus
1469 1195 1516 1226 CA

189 1241 208 1268 6
233 1238 322 1269 inter
340 1239 389 1269 CA
479 1243 549 1269 erat
568 1239 615 1269 CA
636 1239 725 1278 (cum
743 1237 786 1277 L)
900 1239 919 1267 8
944 1239 1079 1268 metitur
1097 1238 1149 1268 ΒΑ
1166 1249 1172 1268 :
1198 1239 1359 1268 mentitur
1378 1238 1424 1269 CA
