1684 2763
762 156 1229 194 1⁴:1³1(;RAMMA'1‘ON
1264 159 1314 194 LI
1327 160 1365 195 P».
1401 160 1429 193 Y
1443 161 1451 194 I

592 268 781 303 LXXXV

128 336 265 374 Editur
294 350 341 374 en
373 344 502 374 sextus
532 336 616 374 sine
646 344 683 374 te
714 336 819 382 mihi,
855 338 958 374 Rufe
989 337 1170 381 Camoni,

178 415 250 439 nec
280 409 317 439 tc
347 403 532 440 lectorem
563 410 702 451 sperat,
735 401 871 448 amice,
905 401 1023 439 liber:

124 466 243 516 impia
273 468 557 516 Cappadocum
590 469 703 505 tellus
734 475 771 505 et
802 467 963 505 numine
993 469 1105 505 laevo

177 531 258 569 visa
287 532 356 569 tibi
388 532 537 570 cineres
567 532 695 571 reddit
725 540 763 571 et
793 546 881 570 ossa
911 532 1020 582 patri.

127 598 264 634 Funde
294 605 362 635 tuo
392 597 569 636 lacrimas
599 599 735 636 orbata
766 598 947 636 Bononia
978 599 1094 643 Rufo,

176 669 214 700 et
244 670 399 701 resonet
429 671 510 701 tota
541 665 719 713 planctus
749 663 787 701 in
818 662 1014 701 Aemilia:

123 729 199 765 heu
230 728 355 777 qualis
385 728 518 778 pietas,
551 730 627 767 heu
658 743 777 778 quam
808 728 935 767 brevis
965 728 1110 766 occidit
1141 732 1271 766 aetas?

178 792 325 831 viderat
356 794 499 843 Alphei
531 794 704 843 praemia
733 794 870 844 quinta
900 795 1032 832 modo.

126 859 287 896 Pectore
317 866 358 896 tu
389 859 552 897 memori
583 867 736 897 nostros
766 861 944 897 evolvere
974 861 1095 906 lusus,

178 930 217 960 tu
249 923 384 961 solitus
415 932 529 969 toto&
564 926 678 971 Rufe,
709 932 841 963 tenere
871 926 989 971 iocos,
1421 941 1458 962 10

123 988 258 1037 accipe
289 1002 378 1026 cum
410 991 502 1027 fletu
534 989 671 1027 maesti
701 990 818 1028 breve
848 1003 1006 1027 carmen
1037 989 1153 1027 amici

178 1061 296 1103 atque
326 1055 423 1092 haec
452 1054 625 1104 apsentis
656 1063 741 1092 tura
771 1054 889 1092 fuisse
920 1062 1023 1104 puta.

580 1155 791 1191 LXXXVI

125 1228 302 1266 Setinum
333 1229 600 1279 dominaeque
630 1229 737 1267 nives
768 1229 961 1279 densique
991 1228 1162 1275 trientes,

177 1295 338 1343 quando
368 1308 441 1344 ego
470 1308 539 1332 vos
569 1294 725 1333 medico
756 1308 836 1332 non
866 1294 1102 1344 prohibente
1132 1294 1296 1333 bibam?

125 1360 266 1396 stultus
297 1366 333 1397 et
364 1359 536 1409 ingratus
566 1373 639 1398 nec
670 1367 780 1397 tanto
811 1373 972 1397 munere
1002 1359 1143 1409 dignus

177 1423 244 1473 qui
275 1426 422 1462 mavult
451 1426 562 1462 heres
592 1424 721 1462 divitis
751 1437 836 1462 esse
868 1424 1014 1462 Midae.

124 1489 323 1538 possideat
354 1490 520 1539 Libycas
551 1489 686 1528 messis
718 1491 995 1538 Hermumque
1025 1490 1270 1539 Tagumque,
1438 1507 1454 1537 5

178 1561 216 1592 et
247 1562 355 1603 potet
385 1556 551 1601 caldam,
585 1554 651 1604 qui
682 1554 779 1591 mihi
809 1554 912 1600 livet,
944 1568 1100 1603 aquam.

544 1666 545 1669 ’
564 1664 799 1700 LXXXVII

127 1739 178 1777 Di
208 1739 277 1777 tibi
307 1741 403 1778 dent
432 1747 469 1777 et
499 1747 552 1786 tu,
585 1740 738 1785 Caesar,
771 1752 1046 1788 quaecumque
1076 1739 1256 1778 mereris:

177 1805 217 1843 di
249 1805 343 1842 mihi
373 1806 467 1843 dent
497 1812 534 1843 et
564 1812 605 1842 tu
635 1818 735 1854 quae
765 1806 865 1850 volo,
899 1804 929 1842 si
960 1804 1093 1842 merui.

550 1910 810 1946 LXXXVIII

127 1981 248 2018 Mane
277 1979 440 2018 salutavi
469 1993 560 2017 vero
590 1987 628 2017 te
657 1979 818 2017 nomine
848 1993 939 2017 casu

179 2058 252 2083 nec
281 2044 360 2083 dixi
390 2045 610 2091 dominum,
642 2044 878 2091 caeciliane,
912 2058 1055 2082 meum.

169 2148 331 2178 LXXXV
355 2148 426 2180 lzah.
453 2148 483 2178 T
569 2157 582 2178 1
609 2148 728 2178 Editur
752 2158 794 2178 en
821 2147 956 2178 AACA:
982 2148 1101 2178 Editus
1117 2153 1168 2178 est
1187 2149 1233 2188 (ὃὸ
1253 2148 1304 2178 ΒΑ
1376 2150 1455 2179 mihi

125 2192 189 2227 (vel
203 2192 260 2221 mii
279 2203 345 2222 om.
366 2196 403 2221 nt
417 2191 479 2223 vid.
498 2191 554 2221 ΒΑ
627 2192 737 2222 amoni
754 2191 809 2221 BA
919 2201 939 2230 3
963 2192 1089 2221 lumine
1108 2191 1156 2221 CA
1282 2203 1300 2230 4
1325 2193 1411 2223 sedit
1434 2193 1462 2222 T

124 2235 230 2275 patris
247 2235 294 2265 CA
427 2237 448 2264 6
472 2239 607 2265 resonat
631 2235 659 2264 T
786 2236 806 2264 8
830 2235 947 2273 quinta
962 2235 1040 2266 AA:
1067 2240 1191 2274 quanta
1208 2235 1262 2264 ΒΑ
1279 2247 1285 2265 :
1309 2235 1457 2275 quinque

126 2279 173 2309 CA
310 2288 344 2308 11
368 2279 465 2309 amici
482 2289 548 2309 om.
569 2278 623 2308 ΒΑ
758 2289 795 2308 12
819 2279 917 2317 plure
941 2279 970 2309 T
1128 2279 1308 2308 LXXXVI
1334 2279 1405 2309 hab.
1432 2280 1461 2309 T

125 2333 145 2352 2
171 2332 233 2351 uos
250 2332 315 2352 om.
336 2322 383 2351 CA
499 2321 860 2360 mediconprohibente
879 2322 927 2351 CA
1053 2322 1163 2352 uiuam
1188 2322 1243 2351 ΒΑ
1269 2323 1301 2352 Ji.
1317 2333 1339 2353 e.
1368 2323 1445 2352 bib-‘

125 2376 144 2404 3
169 2364 261 2404 digni
280 2365 327 2395 CA
384 2374 403 2403 5
428 2375 612 2404 sagumque
627 2365 674 2395 CA
736 2366 756 2394 6
780 2365 860 2395 libet
877 2365 967 2396 codd.
989 2366 1052 2403 (sle.
1072 2366 1145 2397 liv-I
1239 2365 1453 2395 LXXXVIII

125 2409 198 2439 hab.
225 2408 254 2438 T
356 2417 369 2437 1
397 2409 534 2438 numine
553 2409 600 2438 CA
718 2418 737 2438 2
762 2409 944 2438 caeciliane
962 2408 1096 2439 AACA:
1121 2407 1288 2438 sosibiane
1305 2408 1359 2437 ΒΑ

166 2461 272 2483 MART.
292 2461 343 2482 ΕΡ.
1331 2452 1369 2480 12
