<?xml version="1.0" encoding="UTF-8"?>
<!DOCTYPE html PUBLIC "-//W3C//DTD XHTML 1.0 Transitional//EN"
    "http://www.w3.org/TR/xhtml1/DTD/xhtml1-transitional.dtd">
<html xmlns="http://www.w3.org/1999/xhtml" xml:lang="en" lang="en">
 <head>
  <title>
</title>
<meta http-equiv="Content-Type" content="text/html;charset=utf-8" />
  <meta name='ocr-system' content='tesseract 3.04.00' />
  <meta name='ocr-capabilities' content='ocr_page ocr_carea ocr_par ocr_line ocrx_word'/>
</head>
<body>
  <div class='ocr_page' id='page_1' title='image "./epigrammatarecog00martuoft/epigrammatarecog00martuoft_0225.png"; bbox 0 0 1684 2763; ppageno 0'>
   <div class='ocr_carea' id='block_1_1' title="bbox 744 160 1451 196">
    <p class='ocr_par' dir='ltr' id='par_1_1' title="bbox 744 160 1451 196">
     <span class='ocr_line' id='line_1_1' title="bbox 744 160 1451 196; baseline 0.001 -1"><span class='ocrx_word' id='word_1_1' title='bbox 744 160 1206 196; x_wconf 76' lang='lat' dir='ltr'>EPIGRAMMATON</span> <span class='ocrx_word' id='word_1_2' title='bbox 1241 160 1291 196; x_wconf 87' lang='lat' dir='ltr'>LI</span> <span class='ocrx_word' id='word_1_3' title='bbox 1303 161 1341 196; x_wconf 79' lang='lat' dir='ltr'>P».</span> <span class='ocrx_word' id='word_1_4' title='bbox 1375 161 1451 196; x_wconf 60' lang='lat' dir='ltr'>Vll</span> 
     </span>
    </p>
   </div>
   <div class='ocr_carea' id='block_1_2' title="bbox 705 270 778 305">
    <p class='ocr_par' dir='ltr' id='par_1_2' title="bbox 705 270 778 305">
     <span class='ocr_line' id='line_1_2' title="bbox 705 270 778 305; baseline 0 0"><span class='ocrx_word' id='word_1_5' title='bbox 705 270 778 305; x_wconf 85' lang='lat' dir='ltr'>XL</span> 
     </span>
    </p>
   </div>
   <div class='ocr_carea' id='block_1_3' title="bbox 132 337 1458 842">
    <p class='ocr_par' dir='ltr' id='par_1_3' title="bbox 132 337 1458 842">
     <span class='ocr_line' id='line_1_3' title="bbox 136 337 1131 387; baseline -0.002 -10"><span class='ocrx_word' id='word_1_6' title='bbox 136 339 213 377; x_wconf 84' lang='lat' dir='ltr'>Hic</span> <span class='ocrx_word' id='word_1_7' title='bbox 244 339 342 377; x_wconf 85' lang='lat' dir='ltr'>iacet</span> <span class='ocrx_word' id='word_1_8' title='bbox 372 338 434 376; x_wconf 83' lang='lat' dir='ltr'>illc</span> <span class='ocrx_word' id='word_1_9' title='bbox 464 352 581 376; x_wconf 82' lang='lat' dir='ltr'>senex</span> <span class='ocrx_word' id='word_1_10' title='bbox 613 340 789 387; x_wconf 81' lang='lat' dir='ltr'>Augusta</span> <span class='ocrx_word' id='word_1_11' title='bbox 819 346 934 375; x_wconf 80' lang='lat' dir='ltr'>notus</span> <span class='ocrx_word' id='word_1_12' title='bbox 964 337 1002 375; x_wconf 89' lang='lat' dir='ltr'>in</span> <span class='ocrx_word' id='word_1_13' title='bbox 1032 340 1131 384; x_wconf 85' lang='lat' dir='ltr'>aula,</span> 
     </span>
     <span class='ocr_line' id='line_1_4' title="bbox 187 403 1203 453; baseline -0.001 -12"><span class='ocrx_word' id='word_1_14' title='bbox 187 412 344 453; x_wconf 86' lang='lat' dir='ltr'>pectorc</span> <span class='ocrx_word' id='word_1_15' title='bbox 374 417 453 441; x_wconf 90' lang='lat' dir='ltr'>non</span> <span class='ocrx_word' id='word_1_16' title='bbox 485 403 621 440; x_wconf 82' lang='lat' dir='ltr'>humili</span> <span class='ocrx_word' id='word_1_17' title='bbox 652 417 787 453; x_wconf 87' lang='lat' dir='ltr'>passus</span> <span class='ocrx_word' id='word_1_18' title='bbox 818 411 1027 452; x_wconf 79' lang='lat' dir='ltr'>utrumque</span> <span class='ocrx_word' id='word_1_19' title='bbox 1057 405 1203 444; x_wconf 81' lang='lat' dir='ltr'>deum:</span> 
     </span>
     <span class='ocr_line' id='line_1_5' title="bbox 133 468 1171 518; baseline -0.001 -12"><span class='ocrx_word' id='word_1_20' title='bbox 133 476 312 506; x_wconf 91' lang='lat' dir='ltr'>natorum</span> <span class='ocrx_word' id='word_1_21' title='bbox 343 468 466 518; x_wconf 83' lang='lat' dir='ltr'>pietas</span> <span class='ocrx_word' id='word_1_22' title='bbox 495 468 639 505; x_wconf 80' lang='lat' dir='ltr'>sanctis</span> <span class='ocrx_word' id='word_1_23' title='bbox 669 482 785 517; x_wconf 83' lang='lat' dir='ltr'>quem</span> <span class='ocrx_word' id='word_1_24' title='bbox 817 468 994 517; x_wconf 84' lang='lat' dir='ltr'>coniugis</span> <span class='ocrx_word' id='word_1_25' title='bbox 1024 468 1171 505; x_wconf 79' lang='lat' dir='ltr'>umbris</span> 
     </span>
     <span class='ocr_line' id='line_1_6' title="bbox 187 532 1115 582; baseline 0 -12"><span class='ocrx_word' id='word_1_26' title='bbox 187 533 363 571; x_wconf 85' lang='lat' dir='ltr'>miscuit:</span> <span class='ocrx_word' id='word_1_27' title='bbox 406 532 580 582; x_wconf 81' lang='lat' dir='ltr'>Elysium</span> <span class='ocrx_word' id='word_1_28' title='bbox 611 533 786 582; x_wconf 75' lang='lat' dir='ltr'>possidet</span> <span class='ocrx_word' id='word_1_29' title='bbox 815 534 934 571; x_wconf 86' lang='lat' dir='ltr'>ambo</span> <span class='ocrx_word' id='word_1_30' title='bbox 966 547 1115 571; x_wconf 88' lang='lat' dir='ltr'>nemus.</span> 
     </span>
     <span class='ocr_line' id='line_1_7' title="bbox 133 598 1458 647; baseline 0 -11"><span class='ocrx_word' id='word_1_31' title='bbox 133 598 291 637; x_wconf 83' lang='lat' dir='ltr'><strong>Occidit</strong></span> <span class='ocrx_word' id='word_1_32' title='bbox 320 598 383 636; x_wconf 86' lang='lat' dir='ltr'>illa</span> <span class='ocrx_word' id='word_1_33' title='bbox 413 598 516 647; x_wconf 86' lang='lat' dir='ltr'>prior</span> <span class='ocrx_word' id='word_1_34' title='bbox 544 598 653 635; x_wconf 85' lang='lat' dir='ltr'>viridi</span> <span class='ocrx_word' id='word_1_35' title='bbox 685 600 863 636; x_wconf 86' lang='lat' dir='ltr'>fraudata</span> <span class='ocrx_word' id='word_1_36' title='bbox 892 599 1075 637; x_wconf 84' lang='lat' dir='ltr'>iuventa:</span> <span class='ocrx_word' id='word_1_37' title='bbox 1442 615 1458 644; x_wconf 76' lang='lat'>5</span> 
     </span>
     <span class='ocr_line' id='line_1_8' title="bbox 186 663 1048 713; baseline 0.001 -13"><span class='ocrx_word' id='word_1_38' title='bbox 186 663 249 701; x_wconf 86' lang='lat' dir='ltr'>hic</span> <span class='ocrx_word' id='word_1_39' title='bbox 279 676 400 712; x_wconf 82' lang='lat' dir='ltr'>prope</span> <span class='ocrx_word' id='word_1_40' title='bbox 429 671 486 701; x_wconf 87' lang='lat' dir='ltr'>ter</span> <span class='ocrx_word' id='word_1_41' title='bbox 515 677 628 701; x_wconf 82' lang='lat' dir='ltr'>senas</span> <span class='ocrx_word' id='word_1_42' title='bbox 658 663 749 701; x_wconf 87' lang='lat' dir='ltr'>vixit</span> <span class='ocrx_word' id='word_1_43' title='bbox 780 663 1048 713; x_wconf 75' lang='lat' dir='ltr'>Olympiadas.</span> 
     </span>
     <span class='ocr_line' id='line_1_9' title="bbox 132 728 1055 777; baseline 0 -12"><span class='ocrx_word' id='word_1_44' title='bbox 132 729 200 766; x_wconf 83' lang='lat' dir='ltr'>sed</span> <span class='ocrx_word' id='word_1_45' title='bbox 231 728 420 766; x_wconf 79' lang='lat' dir='ltr'>festinatis</span> <span class='ocrx_word' id='word_1_46' title='bbox 450 736 601 777; x_wconf 88' lang='lat' dir='ltr'>raptum</span> <span class='ocrx_word' id='word_1_47' title='bbox 634 728 702 766; x_wconf 87' lang='lat' dir='ltr'>tibi</span> <span class='ocrx_word' id='word_1_48' title='bbox 734 728 899 766; x_wconf 87' lang='lat' dir='ltr'>credidit</span> <span class='ocrx_word' id='word_1_49' title='bbox 928 729 1055 769; x_wconf 79' lang='lat' dir='ltr'>annis,</span> 
     </span>
     <span class='ocr_line' id='line_1_10' title="bbox 185 793 1095 842; baseline 0.001 -12"><span class='ocrx_word' id='word_1_50' title='bbox 185 793 334 842; x_wconf 76' lang='lat' dir='ltr'>aspexit</span> <span class='ocrx_word' id='word_1_51' title='bbox 364 793 540 830; x_wconf 87' lang='lat' dir='ltr'>lacrimas</span> <span class='ocrx_word' id='word_1_52' title='bbox 571 793 758 842; x_wconf 53' lang='lat' dir='ltr'>(pampus,</span> <span class='ocrx_word' id='word_1_53' title='bbox 793 796 967 840; x_wconf 84' lang='lat' dir='ltr'>Etrusce,</span> <span class='ocrx_word' id='word_1_54' title='bbox 1000 801 1095 831; x_wconf 83' lang='lat' dir='ltr'>tuas.</span> 
     </span>
    </p>
   </div>
   <div class='ocr_carea' id='block_1_4' title="bbox 133 967 1281 1083">
    <p class='ocr_par' dir='ltr' id='par_1_4' title="bbox 133 967 1281 1083">
     <span class='ocr_line' id='line_1_11' title="bbox 133 967 1177 1017; baseline -0.001 -11"><span class='ocrx_word' id='word_1_55' title='bbox 133 967 340 1006; x_wconf 77' lang='lat' dir='ltr'>Cosmicos</span> <span class='ocrx_word' id='word_1_56' title='bbox 370 982 454 1006; x_wconf 82' lang='lat' dir='ltr'>esse</span> <span class='ocrx_word' id='word_1_57' title='bbox 485 967 566 1013; x_wconf 88' lang='lat' dir='ltr'>tibi,</span> <span class='ocrx_word' id='word_1_58' title='bbox 599 968 804 1017; x_wconf 75' lang='lat' dir='ltr'>Semproni</span> <span class='ocrx_word' id='word_1_59' title='bbox 835 971 983 1015; x_wconf 85' lang='lat' dir='ltr'>Tucca,</span> <span class='ocrx_word' id='word_1_60' title='bbox 1012 968 1177 1006; x_wconf 84' lang='lat' dir='ltr'>videris:</span> 
     </span>
     <span class='ocr_line' id='line_1_12' title="bbox 187 1032 1281 1083; baseline -0.001 -12"><span class='ocrx_word' id='word_1_61' title='bbox 187 1033 369 1078; x_wconf 77' lang='lat' dir='ltr'>cosmica,</span> <span class='ocrx_word' id='word_1_62' title='bbox 401 1032 622 1082; x_wconf 85' lang='lat' dir='ltr'>Semproni,</span> <span class='ocrx_word' id='word_1_63' title='bbox 652 1040 730 1070; x_wconf 89' lang='lat' dir='ltr'>tam</span> <span class='ocrx_word' id='word_1_64' title='bbox 761 1035 863 1071; x_wconf 86' lang='lat' dir='ltr'>mala</span> <span class='ocrx_word' id='word_1_65' title='bbox 892 1047 1011 1083; x_wconf 84' lang='lat' dir='ltr'>quam</span> <span class='ocrx_word' id='word_1_66' title='bbox 1048 1035 1152 1072; x_wconf 85' lang='lat' dir='ltr'>bona</span> <span class='ocrx_word' id='word_1_67' title='bbox 1182 1042 1281 1071; x_wconf 87' lang='lat' dir='ltr'>sunt.</span> 
     </span>
    </p>
   </div>
   <div class='ocr_carea' id='block_1_5' title="bbox 680 1138 800 1175">
    <p class='ocr_par' dir='ltr' id='par_1_5' title="bbox 680 1138 800 1175">
     <span class='ocr_line' id='line_1_13' title="bbox 680 1138 800 1175; baseline 0.008 -1"><span class='ocrx_word' id='word_1_68' title='bbox 680 1138 800 1175; x_wconf 89' lang='lat' dir='ltr'>XLII</span> 
     </span>
    </p>
   </div>
   <div class='ocr_carea' id='block_1_6' title="bbox 135 1206 1459 1582">
    <p class='ocr_par' dir='ltr' id='par_1_6' title="bbox 136 1206 1148 1320">
     <span class='ocr_line' id='line_1_14' title="bbox 136 1206 1148 1257; baseline 0 -11"><span class='ocrx_word' id='word_1_69' title='bbox 136 1207 368 1246; x_wconf 77' lang='lat' dir='ltr'>Muneribus</span> <span class='ocrx_word' id='word_1_70' title='bbox 398 1206 529 1257; x_wconf 88' lang='lat' dir='ltr'>cupiat</span> <span class='ocrx_word' id='word_1_71' title='bbox 558 1207 589 1245; x_wconf 86' lang='lat' dir='ltr'>si</span> <span class='ocrx_word' id='word_1_72' title='bbox 619 1207 706 1256; x_wconf 88' lang='lat' dir='ltr'>quis</span> <span class='ocrx_word' id='word_1_73' title='bbox 736 1209 976 1246; x_wconf 78' lang='lat' dir='ltr'>contendere</span> <span class='ocrx_word' id='word_1_74' title='bbox 1006 1215 1148 1254; x_wconf 85' lang='lat' dir='ltr'>tecum,</span> 
     </span>
     <span class='ocr_line' id='line_1_15' title="bbox 186 1272 1080 1320; baseline 0 -9"><span class='ocrx_word' id='word_1_75' title='bbox 186 1274 329 1311; x_wconf 86' lang='lat' dir='ltr'>audeat</span> <span class='ocrx_word' id='word_1_76' title='bbox 359 1272 422 1310; x_wconf 89' lang='lat' dir='ltr'>hic</span> <span class='ocrx_word' id='word_1_77' title='bbox 452 1272 580 1319; x_wconf 86' lang='lat' dir='ltr'>etiam,</span> <span class='ocrx_word' id='word_1_78' title='bbox 614 1273 798 1320; x_wconf 84' lang='lat' dir='ltr'>Castrice‚</span> <span class='ocrx_word' id='word_1_79' title='bbox 831 1273 1080 1311; x_wconf 80' lang='lat' dir='ltr'>carminibus.</span> 
     </span>
    </p>

    <p class='ocr_par' dir='ltr' id='par_1_7' title="bbox 135 1337 1193 1452">
     <span class='ocr_line' id='line_1_16' title="bbox 135 1337 1193 1388; baseline -0.001 -12"><span class='ocrx_word' id='word_1_80' title='bbox 135 1350 207 1376; x_wconf 84' lang='lat' dir='ltr'>nos</span> <span class='ocrx_word' id='word_1_81' title='bbox 236 1345 372 1376; x_wconf 86' lang='lat' dir='ltr'>tenues</span> <span class='ocrx_word' id='word_1_82' title='bbox 403 1337 442 1374; x_wconf 91' lang='lat' dir='ltr'>in</span> <span class='ocrx_word' id='word_1_83' title='bbox 472 1345 639 1387; x_wconf 84' lang='lat' dir='ltr'>utroque</span> <span class='ocrx_word' id='word_1_84' title='bbox 669 1351 803 1376; x_wconf 87' lang='lat' dir='ltr'>sumus</span> <span class='ocrx_word' id='word_1_85' title='bbox 833 1338 1015 1388; x_wconf 83' lang='lat' dir='ltr'>vincique</span> <span class='ocrx_word' id='word_1_86' title='bbox 1045 1338 1193 1387; x_wconf 84' lang='lat' dir='ltr'>parati:</span> 
     </span>
     <span class='ocr_line' id='line_1_17' title="bbox 188 1402 1052 1452; baseline 0.001 -13"><span class='ocrx_word' id='word_1_87' title='bbox 188 1402 281 1440; x_wconf 90' lang='lat' dir='ltr'>inde</span> <span class='ocrx_word' id='word_1_88' title='bbox 310 1416 428 1452; x_wconf 86' lang='lat' dir='ltr'>sopor</span> <span class='ocrx_word' id='word_1_89' title='bbox 457 1402 571 1440; x_wconf 87' lang='lat' dir='ltr'>nobis</span> <span class='ocrx_word' id='word_1_90' title='bbox 601 1410 639 1440; x_wconf 88' lang='lat' dir='ltr'>et</span> <span class='ocrx_word' id='word_1_91' title='bbox 668 1404 795 1451; x_wconf 87' lang='lat' dir='ltr'>placet</span> <span class='ocrx_word' id='word_1_92' title='bbox 824 1404 902 1440; x_wconf 81' lang='lat' dir='ltr'>alta</span> <span class='ocrx_word' id='word_1_93' title='bbox 931 1403 1052 1452; x_wconf 86' lang='lat' dir='ltr'>quies.</span> 
     </span>
    </p>

    <p class='ocr_par' dir='ltr' id='par_1_8' title="bbox 135 1467 1459 1582">
     <span class='ocr_line' id='line_1_18' title="bbox 135 1467 1459 1517; baseline -0.001 -12"><span class='ocrx_word' id='word_1_94' title='bbox 135 1469 235 1505; x_wconf 87' lang='lat' dir='ltr'>Tam</span> <span class='ocrx_word' id='word_1_95' title='bbox 267 1469 368 1505; x_wconf 85' lang='lat' dir='ltr'>mala</span> <span class='ocrx_word' id='word_1_96' title='bbox 397 1481 464 1505; x_wconf 90' lang='lat' dir='ltr'>cur</span> <span class='ocrx_word' id='word_1_97' title='bbox 493 1467 607 1516; x_wconf 90' lang='lat' dir='ltr'>igitur</span> <span class='ocrx_word' id='word_1_98' title='bbox 635 1467 811 1506; x_wconf 79' lang='lat' dir='ltr'>dederim</span> <span class='ocrx_word' id='word_1_99' title='bbox 843 1468 912 1505; x_wconf 90' lang='lat' dir='ltr'>tibi</span> <span class='ocrx_word' id='word_1_100' title='bbox 944 1467 1125 1514; x_wconf 83' lang='lat' dir='ltr'>carmina,</span> <span class='ocrx_word' id='word_1_101' title='bbox 1159 1467 1341 1517; x_wconf 81' lang='lat' dir='ltr'>quaeris?</span> <span class='ocrx_word' id='word_1_102' title='bbox 1443 1484 1459 1511; x_wconf 76' lang='lat'>5</span> 
     </span>
     <span class='ocr_line' id='line_1_19' title="bbox 189 1532 1043 1582; baseline 0.001 -13"><span class='ocrx_word' id='word_1_103' title='bbox 189 1532 358 1570; x_wconf 88' lang='lat' dir='ltr'>Alcinoo</span> <span class='ocrx_word' id='word_1_104' title='bbox 387 1533 538 1569; x_wconf 92' lang='lat' dir='ltr'>nullum</span> <span class='ocrx_word' id='word_1_105' title='bbox 568 1545 686 1582; x_wconf 87' lang='lat' dir='ltr'>poma</span> <span class='ocrx_word' id='word_1_106' title='bbox 715 1532 872 1570; x_wconf 80' lang='lat' dir='ltr'>dedisse</span> <span class='ocrx_word' id='word_1_107' title='bbox 901 1534 1043 1582; x_wconf 80' lang='lat' dir='ltr'>putas?</span> 
     </span>
    </p>
   </div>
   <div class='ocr_carea' id='block_1_7' title="bbox 670 1637 814 1673">
    <p class='ocr_par' dir='ltr' id='par_1_9' title="bbox 670 1637 814 1673">
     <span class='ocr_line' id='line_1_20' title="bbox 670 1637 814 1673; baseline 0.007 -1"><span class='ocrx_word' id='word_1_108' title='bbox 670 1637 814 1673; x_wconf 85' lang='lat' dir='ltr'>XLIII</span> 
     </span>
    </p>
   </div>
   <div class='ocr_carea' id='block_1_8' title="bbox 136 1705 1324 1952">
    <p class='ocr_par' dir='ltr' id='par_1_10' title="bbox 137 1705 1324 1822">
     <span class='ocr_line' id='line_1_21' title="bbox 137 1705 1324 1756; baseline 0.002 -13"><span class='ocrx_word' id='word_1_109' title='bbox 137 1705 311 1743; x_wconf 89' lang='lat' dir='ltr'>Primum</span> <span class='ocrx_word' id='word_1_110' title='bbox 341 1713 398 1743; x_wconf 89' lang='lat' dir='ltr'>est</span> <span class='ocrx_word' id='word_1_111' title='bbox 429 1713 470 1743; x_wconf 92' lang='lat' dir='ltr'>ut</span> <span class='ocrx_word' id='word_1_112' title='bbox 499 1713 682 1754; x_wconf 76' lang='lat' dir='ltr'>praestes,</span> <span class='ocrx_word' id='word_1_113' title='bbox 713 1706 745 1744; x_wconf 88' lang='lat' dir='ltr'>si</span> <span class='ocrx_word' id='word_1_114' title='bbox 775 1706 871 1756; x_wconf 85' lang='lat' dir='ltr'>quid</span> <span class='ocrx_word' id='word_1_115' title='bbox 900 1714 948 1753; x_wconf 90' lang='lat' dir='ltr'>te,</span> <span class='ocrx_word' id='word_1_116' title='bbox 981 1707 1121 1753; x_wconf 88' lang='lat' dir='ltr'>Cinna,</span> <span class='ocrx_word' id='word_1_117' title='bbox 1153 1707 1324 1756; x_wconf 71' lang='lat' dir='ltr'>rogab03</span> 
     </span>
     <span class='ocr_line' id='line_1_22' title="bbox 189 1770 1183 1822; baseline 0.001 -14"><span class='ocrx_word' id='word_1_118' title='bbox 189 1770 286 1809; x_wconf 87' lang='lat' dir='ltr'>illud</span> <span class='ocrx_word' id='word_1_119' title='bbox 316 1770 461 1808; x_wconf 86' lang='lat' dir='ltr'>deinde</span> <span class='ocrx_word' id='word_1_120' title='bbox 490 1784 659 1820; x_wconf 84' lang='lat' dir='ltr'>sequens</span> <span class='ocrx_word' id='word_1_121' title='bbox 690 1779 731 1809; x_wconf 89' lang='lat' dir='ltr'>ut</span> <span class='ocrx_word' id='word_1_122' title='bbox 761 1771 853 1819; x_wconf 81' lang='lat' dir='ltr'>cito,</span> <span class='ocrx_word' id='word_1_123' title='bbox 883 1772 1023 1818; x_wconf 80' lang='lat' dir='ltr'>Cinna,</span> <span class='ocrx_word' id='word_1_124' title='bbox 1055 1786 1183 1822; x_wconf 82' lang='lat' dir='ltr'>neges.</span> 
     </span>
    </p>

    <p class='ocr_par' dir='ltr' id='par_1_11' title="bbox 136 1835 1238 1952">
     <span class='ocr_line' id='line_1_23' title="bbox 136 1835 1238 1886; baseline 0 -12"><span class='ocrx_word' id='word_1_125' title='bbox 136 1835 256 1885; x_wconf 84' lang='lat' dir='ltr'>diligo</span> <span class='ocrx_word' id='word_1_126' title='bbox 286 1843 577 1885; x_wconf 66' lang='lat' dir='ltr'>praestantem,</span> <span class='ocrx_word' id='word_1_127' title='bbox 615 1850 695 1874; x_wconf 93' lang='lat' dir='ltr'>non</span> <span class='ocrx_word' id='word_1_128' title='bbox 725 1836 803 1883; x_wconf 89' lang='lat' dir='ltr'>odi,</span> <span class='ocrx_word' id='word_1_129' title='bbox 835 1836 975 1883; x_wconf 88' lang='lat' dir='ltr'>Cinna,</span> <span class='ocrx_word' id='word_1_130' title='bbox 1006 1845 1238 1886; x_wconf 82' lang='lat' dir='ltr'>negantem:</span> 
     </span>
     <span class='ocr_line' id='line_1_24' title="bbox 190 1901 1190 1952; baseline 0.001 -14"><span class='ocrx_word' id='word_1_131' title='bbox 190 1901 260 1938; x_wconf 88' lang='lat' dir='ltr'>sed</span> <span class='ocrx_word' id='word_1_132' title='bbox 290 1907 330 1938; x_wconf 92' lang='lat' dir='ltr'>tu</span> <span class='ocrx_word' id='word_1_133' title='bbox 361 1913 434 1938; x_wconf 93' lang='lat' dir='ltr'>nec</span> <span class='ocrx_word' id='word_1_134' title='bbox 464 1908 635 1950; x_wconf 81' lang='lat' dir='ltr'>praestas</span> <span class='ocrx_word' id='word_1_135' title='bbox 666 1915 739 1939; x_wconf 91' lang='lat' dir='ltr'>nec</span> <span class='ocrx_word' id='word_1_136' title='bbox 769 1901 858 1948; x_wconf 87' lang='lat' dir='ltr'>cito,</span> <span class='ocrx_word' id='word_1_137' title='bbox 890 1901 1030 1948; x_wconf 85' lang='lat' dir='ltr'>Cinna,</span> <span class='ocrx_word' id='word_1_138' title='bbox 1062 1915 1190 1952; x_wconf 81' lang='lat' dir='ltr'>negas.</span> 
     </span>
    </p>
   </div>
   <div class='ocr_carea' id='block_1_9' title="bbox 675 2012 813 2048">
    <p class='ocr_par' dir='ltr' id='par_1_12' title="bbox 675 2012 813 2048">
     <span class='ocr_line' id='line_1_25' title="bbox 675 2012 813 2048; baseline 0.007 -1"><span class='ocrx_word' id='word_1_139' title='bbox 675 2012 813 2048; x_wconf 95' lang='lat' dir='ltr'>XLIV</span> 
     </span>
    </p>
   </div>
   <div class='ocr_carea' id='block_1_10' title="bbox 139 2079 1162 2184">
    <p class='ocr_par' dir='ltr' id='par_1_13' title="bbox 139 2079 1162 2184">
     <span class='ocr_line' id='line_1_26' title="bbox 139 2079 1162 2127; baseline 0.001 -9"><span class='ocrx_word' id='word_1_140' title='bbox 139 2079 337 2118; x_wconf 86' lang='lat' dir='ltr'>Maximus</span> <span class='ocrx_word' id='word_1_141' title='bbox 365 2079 429 2117; x_wconf 92' lang='lat' dir='ltr'>ille</span> <span class='ocrx_word' id='word_1_142' title='bbox 458 2087 558 2126; x_wconf 86' lang='lat' dir='ltr'>tuus,</span> <span class='ocrx_word' id='word_1_143' title='bbox 591 2080 721 2127; x_wconf 90' lang='lat' dir='ltr'>Ovidi,</span> <span class='ocrx_word' id='word_1_144' title='bbox 754 2081 971 2120; x_wconf 84' lang='lat' dir='ltr'>Caesonius</span> <span class='ocrx_word' id='word_1_145' title='bbox 1001 2081 1064 2119; x_wconf 90' lang='lat' dir='ltr'>hic</span> <span class='ocrx_word' id='word_1_146' title='bbox 1094 2089 1162 2127; x_wconf 83' lang='lat' dir='ltr'>est,</span> 
     </span>
     <span class='ocr_line' id='line_1_27' title="bbox 190 2144 1065 2184; baseline 0.002 -2"><span class='ocrx_word' id='word_1_147' title='bbox 190 2144 302 2182; x_wconf 86' lang='lat' dir='ltr'>cuius</span> <span class='ocrx_word' id='word_1_148' title='bbox 329 2145 462 2182; x_wconf 89' lang='lat' dir='ltr'>adhuc</span> <span class='ocrx_word' id='word_1_149' title='bbox 490 2146 642 2183; x_wconf 90' lang='lat' dir='ltr'>vultum</span> <span class='ocrx_word' id='word_1_150' title='bbox 672 2145 801 2184; x_wconf 87' lang='lat' dir='ltr'>vivida</span> <span class='ocrx_word' id='word_1_151' title='bbox 830 2159 918 2184; x_wconf 89' lang='lat' dir='ltr'>cera</span> <span class='ocrx_word' id='word_1_152' title='bbox 948 2153 1065 2184; x_wconf 81' lang='lat' dir='ltr'>tenet.</span> 
     </span>
    </p>
   </div>
   <div class='ocr_carea' id='block_1_11' title="bbox 139 2246 1465 2494">
    <p class='ocr_par' dir='ltr' id='par_1_14' title="bbox 139 2246 1465 2463">
     <span class='ocr_line' id='line_1_28' title="bbox 182 2246 1462 2288; baseline 0.002 -13"><span class='ocrx_word' id='word_1_153' title='bbox 182 2246 244 2276; x_wconf 88' lang='lat' dir='ltr'>XL</span> <span class='ocrx_word' id='word_1_154' title='bbox 267 2246 340 2276; x_wconf 81' lang='lat' dir='ltr'>hab.</span> <span class='ocrx_word' id='word_1_155' title='bbox 363 2246 393 2276; x_wconf 94' lang='lat' dir='ltr'><em>T</em></span> <span class='ocrx_word' id='word_1_156' title='bbox 473 2257 492 2277; x_wconf 89' lang='lat'><em>2</em></span> <span class='ocrx_word' id='word_1_157' title='bbox 510 2252 652 2286; x_wconf 83' lang='lat' dir='ltr'>utroque</span> <span class='ocrx_word' id='word_1_158' title='bbox 668 2248 722 2278; x_wconf 72' lang='lat' dir='ltr'>BA</span> <span class='ocrx_word' id='word_1_159' title='bbox 793 2257 813 2286; x_wconf 86' lang='lat'><strong>3</strong></span> <span class='ocrx_word' id='word_1_160' title='bbox 836 2258 902 2287; x_wconf 88' lang='lat' dir='ltr'>que</span> <span class='ocrx_word' id='word_1_161' title='bbox 920 2248 962 2278; x_wconf 88' lang='lat' dir='ltr'>T:</span> <span class='ocrx_word' id='word_1_162' title='bbox 989 2259 1089 2288; x_wconf 89' lang='lat' dir='ltr'>quam</span> <span class='ocrx_word' id='word_1_163' title='bbox 1107 2248 1155 2278; x_wconf 74' lang='lat' dir='ltr'>CA</span> <span class='ocrx_word' id='word_1_164' title='bbox 1236 2250 1257 2278; x_wconf 87' lang='lat'><strong>6</strong></span> <span class='ocrx_word' id='word_1_165' title='bbox 1282 2254 1421 2287; x_wconf 74' lang='lat' dir='ltr'>propter</span> <span class='ocrx_word' id='word_1_166' title='bbox 1437 2259 1462 2279; x_wconf 88' lang='lat' dir='ltr'>s.</span> 
     </span>
     <span class='ocr_line' id='line_1_29' title="bbox 144 2289 1464 2331; baseline 0.002 -12"><span class='ocrx_word' id='word_1_167' title='bbox 144 2290 173 2320; x_wconf 91' lang='lat' dir='ltr'><em>T</em></span> <span class='ocrx_word' id='word_1_168' title='bbox 236 2290 342 2319; x_wconf 87' lang='lat' dir='ltr'>denas</span> <span class='ocrx_word' id='word_1_169' title='bbox 362 2289 411 2319; x_wconf 74' lang='lat' dir='ltr'>CA</span> <span class='ocrx_word' id='word_1_170' title='bbox 499 2292 546 2321; x_wconf 82' lang='lat' dir='ltr'>uit</span> <span class='ocrx_word' id='word_1_171' title='bbox 564 2291 612 2321; x_wconf 70' lang='lat' dir='ltr'>CA</span> <span class='ocrx_word' id='word_1_172' title='bbox 630 2295 667 2321; x_wconf 78' lang='lat' dir='ltr'>ut</span> <span class='ocrx_word' id='word_1_173' title='bbox 682 2291 745 2322; x_wconf 80' lang='lat' dir='ltr'>vid.</span> <span class='ocrx_word' id='word_1_174' title='bbox 765 2291 862 2331; x_wconf 85' lang='lat' dir='ltr'>(uidit</span> <span class='ocrx_word' id='word_1_175' title='bbox 877 2291 978 2329; x_wconf 80' lang='lat' dir='ltr'>EBC,</span> <span class='ocrx_word' id='word_1_176' title='bbox 996 2292 1079 2322; x_wconf 85' lang='lat' dir='ltr'>uixit</span> <span class='ocrx_word' id='word_1_177' title='bbox 1096 2291 1140 2329; x_wconf 83' lang='lat' dir='ltr'>X,</span> <span class='ocrx_word' id='word_1_178' title='bbox 1159 2291 1242 2322; x_wconf 89' lang='lat' dir='ltr'>uiuit</span> <span class='ocrx_word' id='word_1_179' title='bbox 1258 2291 1376 2329; x_wconf 79' lang='lat' dir='ltr'><em>AGF)</em></span> <span class='ocrx_word' id='word_1_180' title='bbox 1449 2302 1464 2328; x_wconf 87' lang='lat'><strong>7</strong></span> 
     </span>
     <span class='ocr_line' id='line_1_30' title="bbox 139 2333 1463 2373; baseline 0.001 -11"><span class='ocrx_word' id='word_1_181' title='bbox 139 2333 234 2364; x_wconf 84' lang='lat' dir='ltr'>festis</span> <span class='ocrx_word' id='word_1_182' title='bbox 250 2338 362 2362; x_wconf 86' lang='lat' dir='ltr'>natum</span> <span class='ocrx_word' id='word_1_183' title='bbox 380 2344 404 2363; x_wconf 87' lang='lat' dir='ltr'>r.</span> <span class='ocrx_word' id='word_1_184' title='bbox 423 2338 456 2364; x_wconf 86' lang='lat' dir='ltr'>te</span> <span class='ocrx_word' id='word_1_185' title='bbox 474 2333 523 2363; x_wconf 74' lang='lat' dir='ltr'>CA</span> <span class='ocrx_word' id='word_1_186' title='bbox 635 2334 732 2365; x_wconf 86' lang='lat' dir='ltr'>XLII</span> <span class='ocrx_word' id='word_1_187' title='bbox 756 2335 831 2365; x_wconf 79' lang='lat' dir='ltr'>hab.</span> <span class='ocrx_word' id='word_1_188' title='bbox 855 2335 885 2364; x_wconf 89' lang='lat' dir='ltr'><em>T</em></span> <span class='ocrx_word' id='word_1_189' title='bbox 935 2335 1020 2365; x_wconf 87' lang='lat' dir='ltr'>Cum</span> <span class='ocrx_word' id='word_1_190' title='bbox 1036 2334 1125 2364; x_wconf 87' lang='lat' dir='ltr'>XLI</span> <span class='ocrx_word' id='word_1_191' title='bbox 1139 2335 1232 2373; x_wconf 80' lang='lat' dir='ltr'>const.</span> <span class='ocrx_word' id='word_1_192' title='bbox 1251 2335 1299 2364; x_wconf 72' lang='lat' dir='ltr'>CA</span> <span class='ocrx_word' id='word_1_193' title='bbox 1318 2336 1397 2373; x_wconf 76' lang='lat' dir='ltr'>(non</span> <span class='ocrx_word' id='word_1_194' title='bbox 1415 2335 1463 2371; x_wconf 76' lang='lat' dir='ltr'>A)</span> 
     </span>
     <span class='ocr_line' id='line_1_31' title="bbox 139 2375 1465 2418; baseline 0 -12"><span class='ocrx_word' id='word_1_195' title='bbox 139 2387 158 2406; x_wconf 90' lang='lat'><strong>2</strong></span> <span class='ocrx_word' id='word_1_196' title='bbox 182 2376 304 2406; x_wconf 87' lang='lat' dir='ltr'>audeat</span> <span class='ocrx_word' id='word_1_197' title='bbox 321 2375 391 2415; x_wconf 85' lang='lat' dir='ltr'>hic]</span> <span class='ocrx_word' id='word_1_198' title='bbox 415 2377 551 2408; x_wconf 83' lang='lat' dir='ltr'>audebit</span> <span class='ocrx_word' id='word_1_199' title='bbox 567 2377 621 2407; x_wconf 66' lang='lat' dir='ltr'>BA</span> <span class='ocrx_word' id='word_1_200' title='bbox 647 2379 682 2417; x_wconf 63' lang='lat' dir='ltr'>(b</span> <span class='ocrx_word' id='word_1_201' title='bbox 692 2379 805 2418; x_wconf 83' lang='lat' dir='ltr'>proh)</span> <span class='ocrx_word' id='word_1_202' title='bbox 895 2388 914 2416; x_wconf 88' lang='lat'>5</span> <span class='ocrx_word' id='word_1_203' title='bbox 940 2379 1075 2408; x_wconf 85' lang='lat' dir='ltr'>dederis</span> <span class='ocrx_word' id='word_1_204' title='bbox 1091 2378 1144 2407; x_wconf 67' lang='lat' dir='ltr'>BA</span> <span class='ocrx_word' id='word_1_205' title='bbox 1252 2378 1367 2407; x_wconf 88' lang='lat' dir='ltr'>XLIII</span> <span class='ocrx_word' id='word_1_206' title='bbox 1392 2378 1465 2407; x_wconf 74' lang='lat' dir='ltr'>hab.</span> 
     </span>
     <span class='ocr_line' id='line_1_32' title="bbox 139 2419 1356 2463; baseline 0.001 -14"><span class='ocrx_word' id='word_1_207' title='bbox 139 2419 173 2449; x_wconf 85' lang='lat' dir='ltr'><em>R</em></span> <span class='ocrx_word' id='word_1_208' title='bbox 263 2428 276 2448; x_wconf 94' lang='lat'>1</span> <span class='ocrx_word' id='word_1_209' title='bbox 304 2419 416 2450; x_wconf 87' lang='lat' dir='ltr'>Primo</span> <span class='ocrx_word' id='word_1_210' title='bbox 434 2419 483 2450; x_wconf 69' lang='lat' dir='ltr'>CA</span> <span class='ocrx_word' id='word_1_211' title='bbox 572 2431 700 2460; x_wconf 89' lang='lat' dir='ltr'>rogauo</span> <span class='ocrx_word' id='word_1_212' title='bbox 719 2422 751 2463; x_wconf 81' lang='lat' dir='ltr'>(i.</span> <span class='ocrx_word' id='word_1_213' title='bbox 762 2432 785 2452; x_wconf 86' lang='lat' dir='ltr'>e.</span> <span class='ocrx_word' id='word_1_214' title='bbox 805 2421 878 2461; x_wconf 83' lang='lat' dir='ltr'>-b0)</span> <span class='ocrx_word' id='word_1_215' title='bbox 895 2422 949 2452; x_wconf 69' lang='grc' dir='ltr'>ΒΑ</span> <span class='ocrx_word' id='word_1_216' title='bbox 968 2425 1105 2461; x_wconf 72' lang='lat' dir='ltr'>(rogaro</span> <span class='ocrx_word' id='word_1_217' title='bbox 1123 2421 1204 2460; x_wconf 81' lang='lat' dir='ltr'>QFf,</span> <span class='ocrx_word' id='word_1_218' title='bbox 1225 2426 1295 2451; x_wconf 83' lang='lat' dir='ltr'>·ato</span> <span class='ocrx_word' id='word_1_219' title='bbox 1311 2420 1356 2456; x_wconf 86' lang='lat' dir='ltr'>P)</span> 
     </span>
    </p>

    <p class='ocr_par' dir='ltr' id='par_1_15' title="bbox 184 2464 1379 2494">
     <span class='ocr_line' id='line_1_33' title="bbox 184 2464 1379 2494; baseline 0.001 -2"><span class='ocrx_word' id='word_1_220' title='bbox 184 2471 289 2492; x_wconf 74' lang='lat' dir='ltr'>MART.</span> <span class='ocrx_word' id='word_1_221' title='bbox 311 2472 360 2494; x_wconf 77' lang='grc' dir='ltr'>ΕΡ.</span> <span class='ocrx_word' id='word_1_222' title='bbox 1340 2464 1379 2493; x_wconf 90' lang='grc'>13</span> 
     </span>
    </p>
   </div>
  </div>
 </body>
</html>
