1684 2763
785 152 1253 190 EPIGRAMMA'I'ON
1288 154 1337 189 LI
1350 154 1388 189 Η.
1425 153 1476 188 VI

146 262 347 300 Invidiosa
378 261 447 299 tibi
477 275 596 311 quam
628 261 675 299 sit
706 261 844 299 lectica
874 261 1068 310 requiris?

199 329 290 365 Non
321 328 443 366 debes
474 326 560 365 ferri
592 334 768 365 mortuus
798 327 1038 376 hexaphoro.
1442 344 1477 364 10

594 410 815 446 LXXVIII

253 483 372 518 Potor
401 479 556 526 nobilis,
590 481 702 526 Aule,
735 478 883 517 lumine
914 493 994 517 uno

251 547 381 583 luscus
413 546 539 594 Phryx
569 552 650 583 erat
679 546 881 594 alteroque
911 544 1049 593 lippus.

250 610 341 648 huic
374 612 502 648 Heras
533 609 711 648 medicus
744 613 752 629 ⁶
771 609 889 647 Bibas
919 618 1081 647 caveto:

250 675 383 713 vinum
415 675 446 713 si
476 675 632 721 biberis,
665 674 761 712 nihil
792 674 968 712 videbis.y

250 741 402 778 Ridens
434 742 559 789 Phryx
589 741 706 778 oculo
738 740 945 778 ‘Valebis’
975 740 1111 789 inquit.
1463 759 1478 788 5

250 805 402 843 misceri
433 805 506 843 sibi
537 804 715 854 protinus
750 806 924 842 deunces

248 872 317 909 sed
348 871 507 908 crebros
538 870 657 908 iubet.
719 869 877 907 Exitum
909 869 1101 919 requiris?

248 935 396 973 Vinum
430 937 567 984 Phryx,
599 937 737 973 oculus
768 934 868 973 bibit
897 948 1105 973 venenum.

614 1013 789 1048 LXXIX

141 1081 277 1120 Tristis
308 1095 348 1120 es
379 1089 416 1120 et
445 1081 547 1132 felix.
609 1081 713 1120 Sciat
744 1083 819 1119 hoc
852 1083 1023 1119 Fortuna
1054 1089 1214 1119 caveto:

194 1147 386 1197 ingratum
417 1147 523 1185 dicet
553 1155 600 1193 te,
636 1148 757 1196 Lupe,
790 1146 821 1184 si
851 1146 991 1184 scierit.

625 1225 776 1260 LXXX
1222 1253 1274 1271 W

141 1296 192 1332 Vt
223 1308 324 1332 nova
354 1295 461 1332 dona
491 1294 573 1341 tibi,
606 1295 762 1340 Caesar,
796 1293 967 1332 Nilotica
998 1295 1111 1331 tellus

195 1359 350 1398 miserat
380 1359 563 1397 hibernas
593 1359 803 1397 ambitiosa
832 1372 949 1397 rosas.

140 1425 269 1463 navita
299 1425 432 1463 derisit
464 1424 627 1463 Pharios
660 1424 945 1473 Memphiticus
977 1425 1123 1469 hortos,

193 1490 299 1528 urbis
329 1498 371 1528 ut
400 1490 556 1527 intravit
586 1489 721 1527 limina
751 1489 875 1539 prima
905 1497 1017 1527 tuae:

139 1562 270 1593 tantus
299 1555 398 1593 veris
429 1556 556 1593 honos
587 1562 624 1593 et
655 1556 801 1592 odorae
830 1554 951 1603 gratia
983 1555 1119 1592 Florae
1461 1572 1476 1602 5

192 1627 379 1669 tantaque
410 1619 591 1658 Paestani
620 1619 741 1668 gloria
770 1619 866 1657 ruris
896 1626 1000 1665 erat;

139 1685 204 1731 sic,
237 1698 488 1734 quacumque
518 1698 638 1734 vagus
667 1698 924 1734 gressumque
955 1685 1172 1734 oculosque
1203 1685 1363 1729 ferebat,

192 1750 399 1788 tonsilibus
429 1750 538 1788 sertis
569 1763 687 1787 omne
717 1750 882 1787 rubebat
912 1750 992 1787 iter.

140 1817 191 1852 At
222 1822 261 1852 tu
294 1816 500 1852 Romanae
530 1814 656 1852 iussus
688 1814 763 1852 iam
795 1815 935 1852 cedere
966 1815 1127 1852 brumae

192 1879 303 1918 mitte
333 1888 417 1918 tuas
448 1893 606 1927 messeS‚
637 1880 782 1930 accipe,
817 1880 918 1927 Nile,
951 1893 1067 1918 rosas
1437 1895 1478 1918 10

610 1963 784 1999 LXXXI

141 2034 265 2070 Iratus
296 2039 497 2082 tamquam
528 2034 687 2082 populo,
721 2031 969 2078 Charideme,
1002 2032 1165 2070 lavaris:

192 2097 353 2147 inguina
382 2097 437 2135 sic
468 2105 552 2136 toto
583 2097 732 2135 subluis
763 2097 802 2135 in
833 2097 941 2135 solio.

185 2201 363 2231 LXXVIII
393 2211 405 2229 1
434 2201 572 2231 Potator
588 2201 639 2230 BA
774 2210 794 2238 3
819 2205 890 2231 erat
909 2200 956 2230 CA
977 2202 1053 2241 (pm
1070 2211 1157 2239 eras,
1177 2201 1195 2231 τ’.
1205 2211 1227 2232 e.
1251 2201 1377 2240 Heras]

186 2245 335 2274 LXXIX
359 2254 378 2273 2
403 2244 481 2274 dicit
499 2244 553 2273 BA
572 2250 651 2284 <pro
668 2246 769 2274 -eet2i
1161 2244 1293 2275 LXXX
1317 2245 1389 2275 hab.
1416 2245 1476 2276 TI<

144 2298 156 2316 1
184 2288 244 2318 tibi
263 2288 376 2325 infine
391 2299 502 2318 versus
520 2287 569 2318 CA
674 2298 692 2325 4
717 2287 808 2318 orbis
825 2287 882 2316 ΑΑ
987 2297 1006 2325 5
1032 2287 1126 2318 uem's
1145 2288 1191 2318 CA
1210 2290 1245 2327 (n
1259 2293 1319 2327 pro
1336 2290 1367 2327 r)
1458 2299 1474 2325 7

140 2341 247 2369 uagus
266 2331 329 2369 (R)
348 2331 397 2360 vel
409 2342 514 2370 uagos
533 2331 597 2372 (T)
617 2330 674 2360 ΑΑ
691 2342 698 2361 1
723 2341 829 2370 uagus
846 2330 951 2360 ΒΑΕΑ
1099 2333 1119 2361 8
1144 2332 1323 2362 tonsilibus
1339 2331 1452 2361 AABA
1470 2343 1475 2360 ;

142 2374 317 2404 textilibus
336 2374 383 2404 CA

187 2417 335 2447 LXXXI
361 2417 434 2448 stab.
459 2417 488 2447 T
575 2428 587 2447 1
615 2417 738 2448 laueris
762 2418 839 2447 Tex
855 2428 932 2448 corr.
955 2418 1082 2458 [ctfoff.
1103 2417 1177 2458 AA)
1196 2417 1386 2458 Lftsscts01¹t.
1406 2417 1457 2447 BA
