1684 2763
733 142 1201 182 EPIGRAMMATON
1233 144 1334 183 LIB.
1368 145 1473 182 VIII

149 252 212 292 illa
242 261 370 304 potest
399 254 564 293 culicem
594 255 710 305 longe
739 254 881 293 sentire
909 256 1107 294 volantem

201 327 238 357 et
268 319 419 357 minimi
448 319 570 369 pinna
598 319 807 369 papilionis
834 319 921 369 agi;

146 383 307 433 exiguae
335 384 471 422 volitat
499 397 689 434 suspensa
717 397 862 434 vapore
890 386 1072 423 lucernae

199 457 237 486 et
267 448 400 487 leviter
428 450 515 487 fuso
545 449 736 500 rumpitur
765 450 842 488 icta
871 463 990 488 mero.
1436 466 1474 489 10

145 517 221 553 hoc
250 514 382 553 linitur
410 523 526 566 sputo
557 515 643 554 Iani
672 523 829 565 caryota
861 515 1063 563 Kalendis,

197 593 316 629 quam
346 581 418 618 fert
447 594 538 618 curn
568 594 686 631 parco
715 581 897 620 sordidus
926 595 1012 619 asse
1041 580 1174 619 cliens.

142 646 249 683 lenta
279 644 408 683 minus
437 645 568 695 gracili
598 654 779 684 crescunt
808 645 1004 685 colocasia
1034 647 1110 693 filo,

198 712 313 760 plena
343 710 464 761 magis
495 710 617 749 nimio
647 710 725 749 lilia
753 713 836 749 sole
865 713 1041 759 caduntJ

142 789 215 813 nec
244 789 341 826 vaga
370 784 449 813 tarn
480 776 587 814 tenui
617 776 797 814 discurrit
826 790 968 815 aranea
997 778 1085 823 tela,
1435 793 1471 822 15

195 849 275 879 tam
305 842 388 879 leve
418 855 491 879 nec
521 841 695 890 bombyx
724 843 920 891 pendulus
951 849 1060 891 urget
1089 855 1199 892 opus.

140 905 304 944 crassior
334 905 372 943 in
403 906 502 944 facie
532 908 686 944 vetulae
715 914 791 945 stat
820 915 925 945 creta
956 907 1154 953 Fabullae,

193 970 357 1009 crassior
385 972 558 1009 offensae
588 971 695 1009 bulla
724 972 906 1010 tumescit
934 985 1060 1022 aquae
1075 986 1085 1020 ,·

138 1036 273 1075 sortior
301 1043 338 1074 et
368 1043 490 1074 tortos
520 1044 645 1074 servat
674 1037 804 1075 vesica
833 1037 996 1087 capillos

191 1109 229 1139 et
259 1108 384 1139 mutat
414 1101 545 1139 Latias
575 1115 716 1151 spuma
747 1104 895 1140 Batava
924 1116 1069 1140 comas.
1430 1119 1471 1141 20

138 1168 210 1205 hac
240 1174 329 1204 cute
360 1167 520 1204 Ledaeo
548 1166 710 1205 vestitur
739 1169 869 1217 pullus
898 1167 938 1205 in
968 1181 1054 1214 ovo,

189 1231 280 1269 talia
309 1232 442 1269 lunata
471 1231 620 1282 splenia
649 1233 776 1270 fronte
806 1233 956 1271 sedent.

136 1295 245 1344 Quid
275 1295 345 1334 tibi
375 1309 465 1334 cum
495 1296 637 1346 phiala,
669 1296 827 1346 ligulam
857 1311 948 1335 cum
979 1297 1133 1336 mittere
1167 1297 1303 1348 possis,

189 1360 341 1399 mittere
370 1374 461 1399 cum
491 1361 617 1411 possis
646 1363 707 1400 vel
737 1364 914 1401 cocleare
944 1362 1108 1410 mihi,—

135 1439 275 1476 magna
304 1425 420 1463 nimis
450 1426 878 1476 loquimur—cocleam
909 1441 999 1465 cum
1030 1427 1182 1465 mittere
1212 1426 1348 1477 possis,
1428 1444 1465 1475 ²5

187 1491 360 1541 denique
389 1504 479 1529 cum
509 1491 635 1542 possis
666 1491 829 1539 mittere,
863 1494 995 1539 Paule,
1028 1492 1157 1530 nihil?

602 1574 781 1610 XXXIV

132 1644 401 1693 Archetypum
434 1645 550 1692 Myos
579 1650 784 1692 argentum
815 1650 852 1681 te
882 1642 980 1681 dicis
1009 1644 1164 1682 habere.

186 1709 306 1757 Quod
337 1708 419 1746 sine
449 1716 487 1746 te
516 1710 663 1746 facturn
693 1715 751 1746 est
781 1709 857 1746 hoc
887 1707 1010 1758 magis
1039 1710 1296 1760 archetypum
1327 1712 1418 1747 est?

611 1791 768 1827 XXXV

237 1861 339 1900 Cum
371 1859 452 1898 sitis
481 1859 626 1898 similes
655 1874 847 1910 paresque
875 1860 964 1907 vita,

235 1938 332 1963 uxor
361 1924 541 1975 pessima,
572 1925 765 1975 pessimus
796 1925 967 1972 maritus,

235 1990 353 2028 miror
382 2003 462 2028 non
492 1991 594 2028 bene
623 1990 834 2029 convenire
863 1990 985 2029 vobis.

594 2074 772 2109 XXXVI

127 2142 253 2191 Regia
282 2141 540 2192 pyramidum,
574 2143 729 2189 Caesar,
762 2141 949 2180 miracula
977 2142 1082 2190 ride3

180 2208 258 2244 iam
288 2214 389 2245 tacet
420 2209 551 2244 Eoum
582 2207 746 2245 barbara
777 2207 979 2256 Memphis
1009 2220 1135 2256 opus:

174 2303 209 2323 11
236 2292 394 2323 liniturus
411 2298 492 2332 puto
510 2293 574 2323 iarn
593 2292 643 2323 CA
749 2303 787 2323 12
811 2304 876 2324 om.
906 2294 960 2323 ΒΑ
1066 2304 1186 2332 parcos
1203 2293 1267 2324 cod.
1288 2294 1358 2333 (-co
1385 2294 1454 2325 CG

126 2346 184 2366 ase
197 2336 246 2366 CA
260 2337 291 2376 gi.
303 2347 327 2366 e.
343 2338 433 2374 asse)
551 2346 588 2375 15
607 2342 717 2367 tecum
733 2336 851 2377 (PQf)
865 2337 914 2367 vel
924 2336 1018 2367 tenui
1036 2337 1096 2377 (L)
1108 2337 1162 2367 BA
1266 2347 1309 2367 20
1325 2348 1455 2376 spuma>

126 2380 183 2409 bat
200 2380 285 2409 flaua
304 2379 351 2409 CA
371 2382 446 2419 <pro
463 2381 639 2418 spumabat
656 2391 728 2417 aua,
749 2381 767 2411 i.
777 2391 800 2411 e.
820 2391 939 2419 spuma
950 2380 1088 2419 bataua)
1280 2391 1317 2410 21
1346 2381 1408 2410 hoc
1431 2382 1462 2411 7*

127 2433 170 2453 22
194 2423 289 2453 sedet
309 2422 358 2452 CA
558 2433 611 2460 23,
625 2433 678 2462 24,
694 2433 745 2463 25⁷
761 2425 803 2453 26
821 2434 940 2463 posses
960 2423 1008 2453 CA
1208 2433 1249 2462 25
1276 2424 1387 2454 coclea
1407 2424 1453 2454 CA

172 2466 326 2496 XXXIV
351 2476 370 2495 2
384 2466 468 2505 fort.
485 2465 527 2504 Q.
545 2467 628 2497 scite
649 2466 672 2497 f.
691 2477 721 2498 e.
872 2467 1008 2497 XXXV
1031 2465 1105 2497 lmb,
1130 2466 1159 2498 T
