<?xml version="1.0" encoding="UTF-8"?>
<!DOCTYPE html PUBLIC "-//W3C//DTD XHTML 1.0 Transitional//EN"
    "http://www.w3.org/TR/xhtml1/DTD/xhtml1-transitional.dtd">
<html xmlns="http://www.w3.org/1999/xhtml" xml:lang="en" lang="en">
 <head>
  <title>
</title>
<meta http-equiv="Content-Type" content="text/html;charset=utf-8" />
  <meta name='ocr-system' content='tesseract 3.04.00' />
  <meta name='ocr-capabilities' content='ocr_page ocr_carea ocr_par ocr_line ocrx_word'/>
</head>
<body>
  <div class='ocr_page' id='page_1' title='image "./epigrammatarecog00martuoft/epigrammatarecog00martuoft_0303.png"; bbox 0 0 1684 2763; ppageno 0'>
   <div class='ocr_carea' id='block_1_1' title="bbox 752 124 1447 163">
    <p class='ocr_par' dir='ltr' id='par_1_1' title="bbox 752 124 1447 163">
     <span class='ocr_line' id='line_1_1' title="bbox 752 124 1447 163; baseline -0.003 -1"><span class='ocrx_word' id='word_1_1' title='bbox 752 125 1010 162; x_wconf 79' lang='lat' dir='ltr'>EPIGRAM</span> <span class='ocrx_word' id='word_1_2' title='bbox 1018 124 1220 163; x_wconf 81' lang='lat' dir='ltr'><strong>MATON</strong></span> <span class='ocrx_word' id='word_1_3' title='bbox 1253 125 1305 162; x_wconf 92' lang='lat' dir='ltr'>LI</span> <span class='ocrx_word' id='word_1_4' title='bbox 1314 125 1355 161; x_wconf 85' lang='lat' dir='ltr'>B.</span> <span class='ocrx_word' id='word_1_5' title='bbox 1392 124 1447 161; x_wconf 73' lang='lat' dir='ltr'>[x</span> 
     </span>
    </p>
   </div>
   <div class='ocr_carea' id='block_1_2' title="bbox 130 238 1468 1804">
    <p class='ocr_par' dir='ltr' id='par_1_2' title="bbox 130 238 1468 1804">
     <span class='ocr_line' id='line_1_2' title="bbox 130 238 1059 290; baseline -0.004 -12"><span class='ocrx_word' id='word_1_6' title='bbox 130 240 251 278; x_wconf 75' lang='lat' dir='ltr'>Gaius</span> <span class='ocrx_word' id='word_1_7' title='bbox 281 253 303 278; x_wconf 90' lang='lat' dir='ltr'>a</span> <span class='ocrx_word' id='word_1_8' title='bbox 333 239 456 290; x_wconf 86' lang='lat' dir='ltr'>prima</span> <span class='ocrx_word' id='word_1_9' title='bbox 485 238 768 277; x_wconf 87' lang='lat' dir='ltr'>tremebundus</span> <span class='ocrx_word' id='word_1_10' title='bbox 797 238 885 275; x_wconf 84' lang='lat' dir='ltr'>luce</span> <span class='ocrx_word' id='word_1_11' title='bbox 919 238 1059 275; x_wconf 82' lang='lat' dir='ltr'>salutat</span> 
     </span>
     <span class='ocr_line' id='line_1_3' title="bbox 184 301 1195 352; baseline -0.006 -8"><span class='ocrx_word' id='word_1_12' title='bbox 184 312 240 344; x_wconf 90' lang='lat' dir='ltr'>tot</span> <span class='ocrx_word' id='word_1_13' title='bbox 270 304 465 351; x_wconf 85' lang='lat' dir='ltr'>dominos,</span> <span class='ocrx_word' id='word_1_14' title='bbox 496 311 535 342; x_wconf 89' lang='lat' dir='ltr'>at</span> <span class='ocrx_word' id='word_1_15' title='bbox 565 310 617 350; x_wconf 90' lang='lat' dir='ltr'>tu,</span> <span class='ocrx_word' id='word_1_16' title='bbox 650 303 842 352; x_wconf 82' lang='lat' dir='ltr'>Condylo,</span> <span class='ocrx_word' id='word_1_17' title='bbox 873 315 947 340; x_wconf 82' lang='lat' dir='ltr'>nec</span> <span class='ocrx_word' id='word_1_18' title='bbox 975 301 1195 340; x_wconf 87' lang='lat' dir='ltr'>dominum.</span> 
     </span>
     <span class='ocr_line' id='line_1_4' title="bbox 132 365 1311 419; baseline -0.005 -10"><span class='ocrx_word' id='word_1_19' title='bbox 132 370 279 419; x_wconf 79' lang='lat' dir='ltr'>‘Quod</span> <span class='ocrx_word' id='word_1_20' title='bbox 309 370 441 415; x_wconf 88' lang='lat' dir='ltr'>debes,</span> <span class='ocrx_word' id='word_1_21' title='bbox 475 367 559 415; x_wconf 88' lang='lat' dir='ltr'>Gai,</span> <span class='ocrx_word' id='word_1_22' title='bbox 591 368 736 406; x_wconf 87' lang='lat' dir='ltr'>redde&#39;</span> <span class='ocrx_word' id='word_1_23' title='bbox 766 367 893 417; x_wconf 89' lang='lat' dir='ltr'>inquit</span> <span class='ocrx_word' id='word_1_24' title='bbox 924 367 1109 405; x_wconf 86' lang='lat' dir='ltr'>Phoebus</span> <span class='ocrx_word' id='word_1_25' title='bbox 1139 374 1177 404; x_wconf 86' lang='lat' dir='ltr'>et</span> <span class='ocrx_word' id='word_1_26' title='bbox 1206 365 1311 404; x_wconf 86' lang='lat' dir='ltr'>illinc</span> 
     </span>
     <span class='ocr_line' id='line_1_5' title="bbox 186 430 1165 482; baseline -0.004 -9"><span class='ocrx_word' id='word_1_27' title='bbox 186 434 428 474; x_wconf 80' lang='lat' dir='ltr'>Cinnamus:</span> <span class='ocrx_word' id='word_1_28' title='bbox 466 434 543 472; x_wconf 89' lang='lat' dir='ltr'>hoe</span> <span class='ocrx_word' id='word_1_29' title='bbox 572 432 678 480; x_wconf 88' lang='lat' dir='ltr'>dicit,</span> <span class='ocrx_word' id='word_1_30' title='bbox 711 433 902 482; x_wconf 89' lang='lat' dir='ltr'>Condyle,</span> <span class='ocrx_word' id='word_1_31' title='bbox 935 444 1054 470; x_wconf 89' lang='lat' dir='ltr'>nemo</span> <span class='ocrx_word' id='word_1_32' title='bbox 1083 430 1165 469; x_wconf 87' lang='lat' dir='ltr'>tibi.</span> 
     </span>
     <span class='ocr_line' id='line_1_6' title="bbox 131 498 1205 549; baseline -0.003 -12"><span class='ocrx_word' id='word_1_33' title='bbox 131 506 315 538; x_wconf 85' lang='lat' dir='ltr'>tortorem</span> <span class='ocrx_word' id='word_1_34' title='bbox 347 498 520 538; x_wconf 87' lang='lat' dir='ltr'>metuis?</span> <span class='ocrx_word' id='word_1_35' title='bbox 557 499 730 549; x_wconf 83' lang='lat' dir='ltr'>podagra</span> <span class='ocrx_word' id='word_1_36' title='bbox 758 498 1022 547; x_wconf 80' lang='lat' dir='ltr'>cheragraque</span> <span class='ocrx_word' id='word_1_37' title='bbox 1052 503 1205 536; x_wconf 82' lang='lat' dir='ltr'>secatur</span> 
     </span>
     <span class='ocr_line' id='line_1_7' title="bbox 186 562 1459 612; baseline -0.005 -9"><span class='ocrx_word' id='word_1_38' title='bbox 186 563 308 602; x_wconf 87' lang='lat' dir='ltr'>Gaius</span> <span class='ocrx_word' id='word_1_39' title='bbox 338 572 376 603; x_wconf 91' lang='lat' dir='ltr'>et</span> <span class='ocrx_word' id='word_1_40' title='bbox 406 565 538 602; x_wconf 86' lang='lat' dir='ltr'>mallet</span> <span class='ocrx_word' id='word_1_41' title='bbox 567 563 728 602; x_wconf 88' lang='lat' dir='ltr'>verbera</span> <span class='ocrx_word' id='word_1_42' title='bbox 757 562 863 601; x_wconf 88' lang='lat' dir='ltr'>mille</span> <span class='ocrx_word' id='word_1_43' title='bbox 892 562 983 612; x_wconf 88' lang='lat' dir='ltr'>pati.</span> <span class='ocrx_word' id='word_1_44' title='bbox 1424 577 1459 597; x_wconf 93' lang='lat'>10</span> 
     </span>
     <span class='ocr_line' id='line_1_8' title="bbox 132 626 1341 679; baseline -0.004 -11"><span class='ocrx_word' id='word_1_45' title='bbox 132 631 240 679; x_wconf 85' lang='lat' dir='ltr'>quod</span> <span class='ocrx_word' id='word_1_46' title='bbox 270 643 343 668; x_wconf 88' lang='lat' dir='ltr'>nec</span> <span class='ocrx_word' id='word_1_47' title='bbox 374 643 489 667; x_wconf 89' lang='lat' dir='ltr'>mane</span> <span class='ocrx_word' id='word_1_48' title='bbox 518 628 643 667; x_wconf 85' lang='lat' dir='ltr'>vomis</span> <span class='ocrx_word' id='word_1_49' title='bbox 672 642 746 667; x_wconf 88' lang='lat' dir='ltr'>nec</span> <span class='ocrx_word' id='word_1_50' title='bbox 775 641 962 674; x_wconf 89' lang='lat' dir='ltr'>cunnum,</span> <span class='ocrx_word' id='word_1_51' title='bbox 995 628 1187 677; x_wconf 86' lang='lat' dir='ltr'>Condyle‚</span> <span class='ocrx_word' id='word_1_52' title='bbox 1219 626 1341 676; x_wconf 76' lang='lat' dir='ltr'>lingis,</span> 
     </span>
     <span class='ocr_line' id='line_1_9' title="bbox 187 693 1070 744; baseline -0.001 -12"><span class='ocrx_word' id='word_1_53' title='bbox 187 708 266 733; x_wconf 81' lang='lat' dir='ltr'>non</span> <span class='ocrx_word' id='word_1_54' title='bbox 298 694 419 733; x_wconf 85' lang='lat' dir='ltr'>mavis</span> <span class='ocrx_word' id='word_1_55' title='bbox 449 707 567 744; x_wconf 85' lang='lat' dir='ltr'>quam</span> <span class='ocrx_word' id='word_1_56' title='bbox 598 702 655 732; x_wconf 88' lang='lat' dir='ltr'>ter</span> <span class='ocrx_word' id='word_1_57' title='bbox 684 693 806 732; x_wconf 85' lang='lat' dir='ltr'>Gaius</span> <span class='ocrx_word' id='word_1_58' title='bbox 836 706 921 732; x_wconf 86' lang='lat' dir='ltr'>esse</span> <span class='ocrx_word' id='word_1_59' title='bbox 951 694 1070 731; x_wconf 86' lang='lat' dir='ltr'>tuus?</span> 
     </span>
     <span class='ocr_line' id='line_1_10' title="bbox 616 765 761 804; baseline 0 -2"><span class='ocrx_word' id='word_1_60' title='bbox 616 765 761 804; x_wconf 90' lang='lat' dir='ltr'>XCIII</span> 
     </span>
     <span class='ocr_line' id='line_1_11' title="bbox 133 829 1234 880; baseline -0.001 -12"><span class='ocrx_word' id='word_1_61' title='bbox 133 831 293 869; x_wconf 77' lang='lat' dir='ltr'>Addere</span> <span class='ocrx_word' id='word_1_62' title='bbox 323 830 418 879; x_wconf 89' lang='lat' dir='ltr'>quid</span> <span class='ocrx_word' id='word_1_63' title='bbox 448 843 587 877; x_wconf 82' lang='lat' dir='ltr'>cessaS,</span> <span class='ocrx_word' id='word_1_64' title='bbox 620 843 725 880; x_wconf 87' lang='lat' dir='ltr'>puer,</span> <span class='ocrx_word' id='word_1_65' title='bbox 758 829 965 868; x_wconf 82' lang='lat' dir='ltr'>inmortale</span> <span class='ocrx_word' id='word_1_66' title='bbox 996 830 1234 868; x_wconf 83' lang='lat' dir='ltr'>Falernum?</span> 
     </span>
     <span class='ocr_line' id='line_1_12' title="bbox 187 894 1037 945; baseline 0 -12"><span class='ocrx_word' id='word_1_67' title='bbox 187 896 446 945; x_wconf 81' lang='lat' dir='ltr'>quadrantem</span> <span class='ocrx_word' id='word_1_68' title='bbox 476 894 635 945; x_wconf 87' lang='lat' dir='ltr'>duplica</span> <span class='ocrx_word' id='word_1_69' title='bbox 663 896 715 933; x_wconf 88' lang='lat' dir='ltr'>de</span> <span class='ocrx_word' id='word_1_70' title='bbox 743 894 897 934; x_wconf 87' lang='lat' dir='ltr'>seniore</span> <span class='ocrx_word' id='word_1_71' title='bbox 926 895 1037 933; x_wconf 90' lang='lat' dir='ltr'>cado.</span> 
     </span>
     <span class='ocr_line' id='line_1_13' title="bbox 135 959 1295 1009; baseline -0.001 -12"><span class='ocrx_word' id='word_1_72' title='bbox 135 973 239 998; x_wconf 84' lang='lat' dir='ltr'>nunc</span> <span class='ocrx_word' id='word_1_73' title='bbox 271 959 365 997; x_wconf 91' lang='lat' dir='ltr'>mihi</span> <span class='ocrx_word' id='word_1_74' title='bbox 395 959 469 1007; x_wconf 87' lang='lat' dir='ltr'>dic,</span> <span class='ocrx_word' id='word_1_75' title='bbox 501 959 588 1009; x_wconf 87' lang='lat' dir='ltr'>quis</span> <span class='ocrx_word' id='word_1_76' title='bbox 618 959 689 998; x_wconf 85' lang='lat' dir='ltr'>erit</span> <span class='ocrx_word' id='word_1_77' title='bbox 717 959 781 998; x_wconf 87' lang='lat' dir='ltr'>cui</span> <span class='ocrx_word' id='word_1_78' title='bbox 810 967 858 1007; x_wconf 83' lang='lat' dir='ltr'>te,</span> <span class='ocrx_word' id='word_1_79' title='bbox 891 959 1099 1006; x_wconf 87' lang='lat' dir='ltr'>Calaeisse‚</span> <span class='ocrx_word' id='word_1_80' title='bbox 1132 959 1295 997; x_wconf 90' lang='lat' dir='ltr'>deorum</span> 
     </span>
     <span class='ocr_line' id='line_1_14' title="bbox 189 1023 1168 1074; baseline -0.001 -11"><span class='ocrx_word' id='word_1_81' title='bbox 189 1038 255 1063; x_wconf 83' lang='lat' dir='ltr'>sex</span> <span class='ocrx_word' id='word_1_82' title='bbox 284 1024 402 1063; x_wconf 89' lang='lat' dir='ltr'>iubeo</span> <span class='ocrx_word' id='word_1_83' title='bbox 432 1026 593 1074; x_wconf 82' lang='lat' dir='ltr'>cyathos</span> <span class='ocrx_word' id='word_1_84' title='bbox 622 1025 816 1064; x_wconf 88' lang='lat' dir='ltr'>fundere?</span> <span class='ocrx_word' id='word_1_85' title='bbox 875 1026 1044 1064; x_wconf 83' lang='lat' dir='ltr'>‘Caesar</span> <span class='ocrx_word' id='word_1_86' title='bbox 1073 1023 1168 1062; x_wconf 65' lang='lat' dir='ltr'>erit!</span> 
     </span>
     <span class='ocr_line' id='line_1_15' title="bbox 135 1089 1120 1139; baseline -0.001 -11"><span class='ocrx_word' id='word_1_87' title='bbox 135 1089 267 1128; x_wconf 84' lang='lat' dir='ltr'>Sutilis</span> <span class='ocrx_word' id='word_1_88' title='bbox 295 1096 450 1139; x_wconf 88' lang='lat' dir='ltr'>aptetur</span> <span class='ocrx_word' id='word_1_89' title='bbox 478 1089 638 1128; x_wconf 84' lang='lat' dir='ltr'>deciens</span> <span class='ocrx_word' id='word_1_90' title='bbox 667 1103 754 1128; x_wconf 89' lang='lat' dir='ltr'>rosa</span> <span class='ocrx_word' id='word_1_91' title='bbox 783 1089 966 1137; x_wconf 84' lang='lat' dir='ltr'>crinibus,</span> <span class='ocrx_word' id='word_1_92' title='bbox 999 1096 1040 1128; x_wconf 93' lang='lat' dir='ltr'>ut</span> <span class='ocrx_word' id='word_1_93' title='bbox 1070 1089 1120 1127; x_wconf 89' lang='lat' dir='ltr'>sit</span> 
     </span>
     <span class='ocr_line' id='line_1_16' title="bbox 189 1155 1032 1206; baseline 0 -12"><span class='ocrx_word' id='word_1_94' title='bbox 189 1155 255 1206; x_wconf 90' lang='lat' dir='ltr'>qui</span> <span class='ocrx_word' id='word_1_95' title='bbox 285 1155 416 1206; x_wconf 87' lang='lat' dir='ltr'>posuit</span> <span class='ocrx_word' id='word_1_96' title='bbox 445 1168 576 1194; x_wconf 87' lang='lat' dir='ltr'>sacrae</span> <span class='ocrx_word' id='word_1_97' title='bbox 605 1155 738 1194; x_wconf 87' lang='lat' dir='ltr'>nobile</span> <span class='ocrx_word' id='word_1_98' title='bbox 766 1155 892 1206; x_wconf 87' lang='lat' dir='ltr'>gentis</span> <span class='ocrx_word' id='word_1_99' title='bbox 921 1168 1032 1205; x_wconf 74' lang='lat' dir='ltr'>opus,</span> 
     </span>
     <span class='ocr_line' id='line_1_17' title="bbox 135 1220 1125 1271; baseline 0 -12"><span class='ocrx_word' id='word_1_100' title='bbox 135 1235 240 1259; x_wconf 85' lang='lat' dir='ltr'>nunc</span> <span class='ocrx_word' id='word_1_101' title='bbox 269 1221 329 1259; x_wconf 91' lang='lat' dir='ltr'>bis</span> <span class='ocrx_word' id='word_1_102' title='bbox 358 1220 478 1271; x_wconf 85' lang='lat' dir='ltr'>quina</span> <span class='ocrx_word' id='word_1_103' title='bbox 507 1220 603 1259; x_wconf 88' lang='lat' dir='ltr'>mihi</span> <span class='ocrx_word' id='word_1_104' title='bbox 632 1222 684 1259; x_wconf 93' lang='lat' dir='ltr'>da</span> <span class='ocrx_word' id='word_1_105' title='bbox 712 1221 830 1268; x_wconf 85' lang='lat' dir='ltr'>basia,</span> <span class='ocrx_word' id='word_1_106' title='bbox 862 1222 929 1259; x_wconf 87' lang='lat' dir='ltr'>fiat</span> <span class='ocrx_word' id='word_1_107' title='bbox 957 1227 1000 1259; x_wconf 91' lang='lat' dir='ltr'>ut</span> <span class='ocrx_word' id='word_1_108' title='bbox 1028 1220 1125 1259; x_wconf 90' lang='lat' dir='ltr'>illud</span> 
     </span>
     <span class='ocr_line' id='line_1_18' title="bbox 190 1285 1130 1336; baseline -0.001 -12"><span class='ocrx_word' id='word_1_109' title='bbox 190 1299 335 1325; x_wconf 87' lang='lat' dir='ltr'>nomen</span> <span class='ocrx_word' id='word_1_110' title='bbox 365 1287 415 1325; x_wconf 91' lang='lat' dir='ltr'>ab</span> <span class='ocrx_word' id='word_1_111' title='bbox 446 1285 614 1336; x_wconf 88' lang='lat' dir='ltr'>Odrysio</span> <span class='ocrx_word' id='word_1_112' title='bbox 644 1287 752 1336; x_wconf 92' lang='lat' dir='ltr'>quod</span> <span class='ocrx_word' id='word_1_113' title='bbox 781 1287 879 1325; x_wconf 88' lang='lat' dir='ltr'>deus</span> <span class='ocrx_word' id='word_1_114' title='bbox 909 1286 1004 1325; x_wconf 90' lang='lat' dir='ltr'>orbe</span> <span class='ocrx_word' id='word_1_115' title='bbox 1034 1285 1130 1324; x_wconf 90' lang='lat' dir='ltr'>tulit.</span> 
     </span>
     <span class='ocr_line' id='line_1_19' title="bbox 618 1364 757 1402; baseline 0 -2"><span class='ocrx_word' id='word_1_116' title='bbox 618 1364 757 1402; x_wconf 90' lang='lat' dir='ltr'>XCIV</span> 
     </span>
     <span class='ocr_line' id='line_1_20' title="bbox 137 1426 1170 1478; baseline -0.001 -12"><span class='ocrx_word' id='word_1_117' title='bbox 137 1427 351 1467; x_wconf 85' lang='lat' dir='ltr'>Sardonica</span> <span class='ocrx_word' id='word_1_118' title='bbox 380 1427 575 1467; x_wconf 83' lang='lat' dir='ltr'>medicata</span> <span class='ocrx_word' id='word_1_119' title='bbox 603 1427 714 1466; x_wconf 86' lang='lat' dir='ltr'>dedit</span> <span class='ocrx_word' id='word_1_120' title='bbox 743 1426 839 1466; x_wconf 88' lang='lat' dir='ltr'>mihi</span> <span class='ocrx_word' id='word_1_121' title='bbox 868 1429 1011 1478; x_wconf 90' lang='lat' dir='ltr'>pocula</span> <span class='ocrx_word' id='word_1_122' title='bbox 1039 1427 1170 1478; x_wconf 84' lang='lat' dir='ltr'>virga:</span> 
     </span>
     <span class='ocr_line' id='line_1_21' title="bbox 191 1492 1200 1543; baseline -0.001 -12"><span class='ocrx_word' id='word_1_123' title='bbox 191 1506 234 1531; x_wconf 86' lang='lat' dir='ltr'>os</span> <span class='ocrx_word' id='word_1_124' title='bbox 264 1492 459 1532; x_wconf 82' lang='lat' dir='ltr'>hominis!</span> <span class='ocrx_word' id='word_1_125' title='bbox 489 1494 660 1531; x_wconf 88' lang='lat' dir='ltr'>mulsum</span> <span class='ocrx_word' id='word_1_126' title='bbox 691 1506 754 1531; x_wconf 85' lang='lat' dir='ltr'>me</span> <span class='ocrx_word' id='word_1_127' title='bbox 783 1500 892 1542; x_wconf 85' lang='lat' dir='ltr'>rogat</span> <span class='ocrx_word' id='word_1_128' title='bbox 923 1492 1200 1543; x_wconf 86' lang='lat' dir='ltr'>Hippocrates.</span> 
     </span>
     <span class='ocr_line' id='line_1_22' title="bbox 138 1555 1342 1607; baseline 0 -12"><span class='ocrx_word' id='word_1_129' title='bbox 138 1566 216 1596; x_wconf 84' lang='lat' dir='ltr'>tam</span> <span class='ocrx_word' id='word_1_130' title='bbox 248 1557 427 1607; x_wconf 88' lang='lat' dir='ltr'>stupidus</span> <span class='ocrx_word' id='word_1_131' title='bbox 457 1570 675 1607; x_wconf 83' lang='lat' dir='ltr'>numquam</span> <span class='ocrx_word' id='word_1_132' title='bbox 706 1571 779 1596; x_wconf 92' lang='lat' dir='ltr'>nec</span> <span class='ocrx_word' id='word_1_133' title='bbox 808 1564 860 1605; x_wconf 85' lang='lat' dir='ltr'>tu,</span> <span class='ocrx_word' id='word_1_134' title='bbox 892 1565 1000 1607; x_wconf 85' lang='lat' dir='ltr'>puto,</span> <span class='ocrx_word' id='word_1_135' title='bbox 1034 1558 1194 1604; x_wconf 89' lang='lat' dir='ltr'>Glauce,</span> <span class='ocrx_word' id='word_1_136' title='bbox 1227 1555 1342 1595; x_wconf 82' lang='lat' dir='ltr'>fuisti.</span> 
     </span>
     <span class='ocr_line' id='line_1_23' title="bbox 191 1622 1002 1675; baseline 0 -14"><span class='ocrx_word' id='word_1_137' title='bbox 191 1624 335 1675; x_wconf 76' lang='grc' dir='ltr'>χάλκεα</span> <span class='ocrx_word' id='word_1_138' title='bbox 364 1623 528 1661; x_wconf 75' lang='lat' dir='ltr'>donanti</span> <span class='ocrx_word' id='word_1_139' title='bbox 557 1624 700 1674; x_wconf 82' lang='grc' dir='ltr'>χρύσεα</span> <span class='ocrx_word' id='word_1_140' title='bbox 729 1622 795 1673; x_wconf 76' lang='lat' dir='ltr'>qui</span> <span class='ocrx_word' id='word_1_141' title='bbox 825 1623 1002 1662; x_wconf 77' lang='lat' dir='ltr'>dederas.</span> 
     </span>
     <span class='ocr_line' id='line_1_24' title="bbox 139 1687 1468 1739; baseline -0.002 -12"><span class='ocrx_word' id='word_1_142' title='bbox 139 1690 255 1727; x_wconf 85' lang='lat' dir='ltr'>dulce</span> <span class='ocrx_word' id='word_1_143' title='bbox 283 1688 424 1738; x_wconf 85' lang='lat' dir='ltr'>aliquis</span> <span class='ocrx_word' id='word_1_144' title='bbox 454 1701 598 1727; x_wconf 88' lang='lat' dir='ltr'>munus</span> <span class='ocrx_word' id='word_1_145' title='bbox 626 1702 697 1739; x_wconf 93' lang='lat' dir='ltr'>pro</span> <span class='ocrx_word' id='word_1_146' title='bbox 727 1701 889 1726; x_wconf 89' lang='lat' dir='ltr'>munere</span> <span class='ocrx_word' id='word_1_147' title='bbox 918 1687 1046 1738; x_wconf 88' lang='lat' dir='ltr'>poscit</span> <span class='ocrx_word' id='word_1_148' title='bbox 1075 1688 1240 1726; x_wconf 84' lang='lat' dir='ltr'>amaro?</span> <span class='ocrx_word' id='word_1_149' title='bbox 1452 1702 1468 1731; x_wconf 84' lang='lat'>5</span> 
     </span>
     <span class='ocr_line' id='line_1_25' title="bbox 192 1753 954 1804; baseline 0 -12"><span class='ocrx_word' id='word_1_150' title='bbox 192 1753 368 1804; x_wconf 83' lang='lat' dir='ltr'>accipiat,</span> <span class='ocrx_word' id='word_1_151' title='bbox 401 1754 470 1792; x_wconf 86' lang='lat' dir='ltr'>sed</span> <span class='ocrx_word' id='word_1_152' title='bbox 500 1753 531 1792; x_wconf 91' lang='lat' dir='ltr'>si</span> <span class='ocrx_word' id='word_1_153' title='bbox 561 1760 670 1804; x_wconf 88' lang='lat' dir='ltr'>potat</span> <span class='ocrx_word' id='word_1_154' title='bbox 699 1753 739 1791; x_wconf 88' lang='lat' dir='ltr'>in</span> <span class='ocrx_word' id='word_1_155' title='bbox 769 1753 954 1792; x_wconf 86' lang='lat' dir='ltr'>elleboro.</span> 
     </span>
    </p>
   </div>
   <div class='ocr_carea' id='block_1_3' title="bbox 140 1830 1162 2010">
    <p class='ocr_par' dir='ltr' id='par_1_3' title="bbox 140 1830 1162 2010">
     <span class='ocr_line' id='line_1_26' title="bbox 639 1830 754 1869; baseline -0.017 0"><span class='ocrx_word' id='word_1_156' title='bbox 639 1830 754 1869; x_wconf 89' lang='lat' dir='ltr'>XCV</span> 
     </span>
     <span class='ocr_line' id='line_1_27' title="bbox 140 1892 1162 1945; baseline 0 -13"><span class='ocrx_word' id='word_1_157' title='bbox 140 1894 307 1945; x_wconf 85' lang='lat' dir='ltr'>Alphius</span> <span class='ocrx_word' id='word_1_158' title='bbox 337 1902 428 1933; x_wconf 89' lang='lat' dir='ltr'>ante</span> <span class='ocrx_word' id='word_1_159' title='bbox 456 1894 538 1942; x_wconf 86' lang='lat' dir='ltr'>fuit,</span> <span class='ocrx_word' id='word_1_160' title='bbox 571 1894 703 1944; x_wconf 87' lang='lat' dir='ltr'>coepit</span> <span class='ocrx_word' id='word_1_161' title='bbox 731 1907 837 1933; x_wconf 89' lang='lat' dir='ltr'>nunc</span> <span class='ocrx_word' id='word_1_162' title='bbox 867 1892 1036 1945; x_wconf 86' lang='lat' dir='ltr'>Olphius</span> <span class='ocrx_word' id='word_1_163' title='bbox 1066 1906 1162 1940; x_wconf 87' lang='lat' dir='ltr'>esse,</span> 
     </span>
     <span class='ocr_line' id='line_1_28' title="bbox 195 1959 1047 2010; baseline -0.001 -12"><span class='ocrx_word' id='word_1_164' title='bbox 195 1973 355 1998; x_wconf 84' lang='lat' dir='ltr'>uxorem</span> <span class='ocrx_word' id='word_1_165' title='bbox 385 1967 595 2010; x_wconf 86' lang='lat' dir='ltr'>postquam</span> <span class='ocrx_word' id='word_1_166' title='bbox 625 1959 736 1998; x_wconf 85' lang='lat' dir='ltr'>duxit</span> <span class='ocrx_word' id='word_1_167' title='bbox 764 1960 1047 2009; x_wconf 85' lang='lat' dir='ltr'>Athenagoras.</span> 
     </span>
    </p>
   </div>
   <div class='ocr_carea' id='block_1_4' title="bbox 143 2050 1478 2310">
    <p class='ocr_par' dir='ltr' id='par_1_4' title="bbox 143 2050 1478 2310">
     <span class='ocr_line' id='line_1_29' title="bbox 188 2050 1470 2091; baseline -0.002 -8"><span class='ocrx_word' id='word_1_168' title='bbox 188 2063 203 2090; x_wconf 93' lang='lat'><em>7</em></span> <span class='ocrx_word' id='word_1_169' title='bbox 228 2053 305 2091; x_wconf 83' lang='lat' dir='ltr'>gaio</span> <span class='ocrx_word' id='word_1_170' title='bbox 323 2052 353 2083; x_wconf 87' lang='lat' dir='ltr'><em>T</em></span> <span class='ocrx_word' id='word_1_171' title='bbox 450 2053 470 2082; x_wconf 84' lang='lat'>8</span> <span class='ocrx_word' id='word_1_172' title='bbox 494 2052 574 2083; x_wconf 87' lang='lat' dir='ltr'>uicit</span> <span class='ocrx_word' id='word_1_173' title='bbox 591 2063 669 2084; x_wconf 82' lang='lat' dir='ltr'>corr.</span> <span class='ocrx_word' id='word_1_174' title='bbox 687 2051 767 2082; x_wconf 81' lang='lat' dir='ltr'>dicit</span> <span class='ocrx_word' id='word_1_175' title='bbox 785 2050 834 2083; x_wconf 78' lang='lat' dir='ltr'>CA</span> <span class='ocrx_word' id='word_1_176' title='bbox 853 2055 889 2082; x_wconf 82' lang='lat' dir='ltr'>ut</span> <span class='ocrx_word' id='word_1_177' title='bbox 903 2051 967 2082; x_wconf 77' lang='lat' dir='ltr'><em>vid.</em></span> <span class='ocrx_word' id='word_1_178' title='bbox 1077 2060 1112 2082; x_wconf 89' lang='lat'>11</span> <span class='ocrx_word' id='word_1_179' title='bbox 1139 2061 1240 2082; x_wconf 89' lang='lat' dir='ltr'>mane</span> <span class='ocrx_word' id='word_1_180' title='bbox 1256 2050 1390 2082; x_wconf 65' lang='grc' dir='ltr'>ΑΑΒΑε</span> <span class='ocrx_word' id='word_1_181' title='bbox 1415 2051 1470 2081; x_wconf 86' lang='lat' dir='ltr'>ille</span> 
     </span>
     <span class='ocr_line' id='line_1_30' title="bbox 143 2093 1473 2136; baseline -0.001 -11"><span class='ocrx_word' id='word_1_182' title='bbox 143 2096 205 2135; x_wconf 84' lang='lat' dir='ltr'>(-la</span> <span class='ocrx_word' id='word_1_183' title='bbox 219 2098 244 2136; x_wconf 67' lang='grc' dir='ltr'>ἓ)</span> <span class='ocrx_word' id='word_1_184' title='bbox 266 2096 314 2126; x_wconf 66' lang='lat' dir='ltr'>CA</span> <span class='ocrx_word' id='word_1_185' title='bbox 390 2105 507 2127; x_wconf 82' lang='lat' dir='ltr'>nomes</span> <span class='ocrx_word' id='word_1_186' title='bbox 529 2095 559 2125; x_wconf 92' lang='lat' dir='ltr'><em>T</em></span> <span class='ocrx_word' id='word_1_187' title='bbox 574 2096 610 2136; x_wconf 80' lang='lat' dir='ltr'>(i.</span> <span class='ocrx_word' id='word_1_188' title='bbox 627 2106 650 2128; x_wconf 82' lang='lat' dir='ltr'>e.</span> <span class='ocrx_word' id='word_1_189' title='bbox 673 2096 716 2126; x_wconf 86' lang='lat' dir='ltr'>-is</span> <span class='ocrx_word' id='word_1_190' title='bbox 729 2096 756 2136; x_wconf 68' lang='lat'>3)</span> <span class='ocrx_word' id='word_1_191' title='bbox 836 2100 1023 2126; x_wconf 85' lang='lat' dir='ltr'>monstrum</span> <span class='ocrx_word' id='word_1_192' title='bbox 1040 2095 1101 2125; x_wconf 78' lang='lat' dir='ltr'>AA</span> <span class='ocrx_word' id='word_1_193' title='bbox 1119 2094 1203 2134; x_wconf 80' lang='lat' dir='ltr'>(non</span> <span class='ocrx_word' id='word_1_194' title='bbox 1222 2094 1309 2125; x_wconf 85' lang='lat' dir='ltr'>saum</span> <span class='ocrx_word' id='word_1_195' title='bbox 1329 2093 1373 2134; x_wconf 70' lang='lat' dir='ltr'>T)</span> <span class='ocrx_word' id='word_1_196' title='bbox 1394 2094 1473 2134; x_wconf 79' lang='lat' dir='ltr'>&lt;pro</span> 
     </span>
     <span class='ocr_line' id='line_1_31' title="bbox 145 2137 1474 2179; baseline -0.001 -11"><span class='ocrx_word' id='word_1_197' title='bbox 145 2139 308 2179; x_wconf 74' lang='lat' dir='ltr'>cunnum)</span> <span class='ocrx_word' id='word_1_198' title='bbox 429 2149 467 2170; x_wconf 81' lang='lat'>12</span> <span class='ocrx_word' id='word_1_199' title='bbox 490 2139 596 2169; x_wconf 81' lang='lat' dir='ltr'>majus</span> <span class='ocrx_word' id='word_1_200' title='bbox 619 2139 649 2169; x_wconf 92' lang='lat' dir='ltr'><em>T</em></span> <span class='ocrx_word' id='word_1_201' title='bbox 727 2143 818 2170; x_wconf 84' lang='lat' dir='ltr'>terra</span> <span class='ocrx_word' id='word_1_202' title='bbox 842 2138 871 2169; x_wconf 89' lang='lat' dir='ltr'><em>T</em></span> <span class='ocrx_word' id='word_1_203' title='bbox 1036 2138 1151 2169; x_wconf 90' lang='lat' dir='ltr'>XCIII</span> <span class='ocrx_word' id='word_1_204' title='bbox 1178 2149 1196 2168; x_wconf 89' lang='lat'><em>2</em></span> <span class='ocrx_word' id='word_1_205' title='bbox 1221 2138 1305 2168; x_wconf 89' lang='lat' dir='ltr'>cadu</span> <span class='ocrx_word' id='word_1_206' title='bbox 1327 2137 1374 2167; x_wconf 76' lang='lat' dir='ltr'>CA</span> <span class='ocrx_word' id='word_1_207' title='bbox 1392 2139 1474 2177; x_wconf 68' lang='lat' dir='ltr'>(pro</span> 
     </span>
     <span class='ocr_line' id='line_1_32' title="bbox 144 2180 1471 2224; baseline -0.002 -12"><span class='ocrx_word' id='word_1_208' title='bbox 144 2182 242 2221; x_wconf 75' lang='lat' dir='ltr'>cado)</span> <span class='ocrx_word' id='word_1_209' title='bbox 363 2192 382 2220; x_wconf 84' lang='lat'><strong>3</strong></span> <span class='ocrx_word' id='word_1_210' title='bbox 402 2183 494 2224; x_wconf 86' lang='lat' dir='ltr'>quis]</span> <span class='ocrx_word' id='word_1_211' title='bbox 513 2183 597 2213; x_wconf 82' lang='lat' dir='ltr'>ciuis</span> <span class='ocrx_word' id='word_1_212' title='bbox 616 2181 664 2213; x_wconf 78' lang='lat' dir='ltr'>CA</span> <span class='ocrx_word' id='word_1_213' title='bbox 679 2181 759 2222; x_wconf 79' lang='lat' dir='ltr'>(pro</span> <span class='ocrx_word' id='word_1_214' title='bbox 776 2183 856 2222; x_wconf 78' lang='lat' dir='ltr'>cuis,</span> <span class='ocrx_word' id='word_1_215' title='bbox 876 2182 895 2214; x_wconf 74' lang='grc' dir='ltr'>τ’.</span> <span class='ocrx_word' id='word_1_216' title='bbox 909 2192 934 2214; x_wconf 79' lang='lat' dir='ltr'>e.</span> <span class='ocrx_word' id='word_1_217' title='bbox 951 2182 1040 2221; x_wconf 85' lang='lat' dir='ltr'>quis)</span> <span class='ocrx_word' id='word_1_218' title='bbox 1109 2181 1274 2221; x_wconf 84' lang='lat' dir='ltr'>galaeisse</span> <span class='ocrx_word' id='word_1_219' title='bbox 1288 2180 1361 2211; x_wconf 71' lang='lat' dir='ltr'>BA:</span> <span class='ocrx_word' id='word_1_220' title='bbox 1387 2181 1471 2211; x_wconf 86' lang='lat' dir='ltr'>cala-</span> 
     </span>
     <span class='ocr_line' id='line_1_33' title="bbox 145 2224 1473 2266; baseline -0.001 -11"><span class='ocrx_word' id='word_1_221' title='bbox 145 2225 231 2255; x_wconf 85' lang='lat' dir='ltr'>cisse</span> <span class='ocrx_word' id='word_1_222' title='bbox 251 2225 298 2255; x_wconf 59' lang='lat' dir='ltr'>CA</span> <span class='ocrx_word' id='word_1_223' title='bbox 317 2225 364 2265; x_wconf 79' lang='lat' dir='ltr'>(in</span> <span class='ocrx_word' id='word_1_224' title='bbox 381 2225 491 2257; x_wconf 78' lang='lat' dir='ltr'>lemm.</span> <span class='ocrx_word' id='word_1_225' title='bbox 510 2236 557 2256; x_wconf 79' lang='lat' dir='ltr'>AD</span> <span class='ocrx_word' id='word_1_226' title='bbox 574 2227 769 2256; x_wconf 72' lang='lat' dir='ltr'>CALA‘Clsvm</span> <span class='ocrx_word' id='word_1_227' title='bbox 789 2225 852 2266; x_wconf 65' lang='lat' dir='ltr'>CA)</span> <span class='ocrx_word' id='word_1_228' title='bbox 869 2237 875 2256; x_wconf 92' lang='lat'>:</span> <span class='ocrx_word' id='word_1_229' title='bbox 902 2225 1074 2256; x_wconf 88' lang='lat' dir='ltr'>Calocisse</span> <span class='ocrx_word' id='word_1_230' title='bbox 1091 2224 1255 2266; x_wconf 80' lang='lat' dir='ltr'>Scaliger:</span> <span class='ocrx_word' id='word_1_231' title='bbox 1281 2224 1473 2255; x_wconf 82' lang='lat' dir='ltr'>Calathisce</span> 
     </span>
     <span class='ocr_line' id='line_1_34' title="bbox 144 2266 1478 2310; baseline -0.001 -12"><span class='ocrx_word' id='word_1_232' title='bbox 144 2267 306 2299; x_wconf 74' lang='lat' dir='ltr'>Heinsius</span> <span class='ocrx_word' id='word_1_233' title='bbox 404 2271 423 2300; x_wconf 90' lang='lat'>8</span> <span class='ocrx_word' id='word_1_234' title='bbox 448 2269 530 2299; x_wconf 89' lang='lat' dir='ltr'>urbe</span> <span class='ocrx_word' id='word_1_235' title='bbox 546 2270 601 2300; x_wconf 82' lang='grc' dir='ltr'>ΒΑ</span> <span class='ocrx_word' id='word_1_236' title='bbox 618 2270 700 2310; x_wconf 83' lang='lat' dir='ltr'>(pro</span> <span class='ocrx_word' id='word_1_237' title='bbox 718 2269 836 2310; x_wconf 82' lang='lat' dir='ltr'>orbe):</span> <span class='ocrx_word' id='word_1_238' title='bbox 861 2278 920 2299; x_wconf 90' lang='lat' dir='ltr'>ore</span> <span class='ocrx_word' id='word_1_239' title='bbox 939 2268 988 2299; x_wconf 80' lang='lat' dir='ltr'>CA</span> <span class='ocrx_word' id='word_1_240' title='bbox 1216 2267 1328 2298; x_wconf 91' lang='lat' dir='ltr'>XCIV</span> <span class='ocrx_word' id='word_1_241' title='bbox 1352 2267 1423 2298; x_wconf 69' lang='lat' dir='ltr'>hab.</span> <span class='ocrx_word' id='word_1_242' title='bbox 1450 2266 1478 2296; x_wconf 89' lang='lat' dir='ltr'><em>T</em></span> 
     </span>
    </p>
   </div>
   <div class='ocr_carea' id='block_1_5' title="bbox 146 2311 1473 2482">
    <p class='ocr_par' dir='ltr' id='par_1_5' title="bbox 146 2311 1473 2482">
     <span class='ocr_line' id='line_1_35' title="bbox 150 2311 1472 2350; baseline -0.002 -8"><span class='ocrx_word' id='word_1_243' title='bbox 150 2322 162 2341; x_wconf 89' lang='lat'>1</span> <span class='ocrx_word' id='word_1_244' title='bbox 191 2312 375 2342; x_wconf 81' lang='lat' dir='ltr'>Sar-donica</span> <span class='ocrx_word' id='word_1_245' title='bbox 388 2312 521 2343; x_wconf 73' lang='lat' dir='ltr'>AACA:</span> <span class='ocrx_word' id='word_1_246' title='bbox 540 2313 723 2344; x_wconf 87' lang='lat' dir='ltr'>Santonica</span> <span class='ocrx_word' id='word_1_247' title='bbox 736 2312 792 2342; x_wconf 80' lang='grc' dir='ltr'>ΒΑ</span> <span class='ocrx_word' id='word_1_248' title='bbox 874 2323 893 2343; x_wconf 80' lang='lat'>2</span> <span class='ocrx_word' id='word_1_249' title='bbox 911 2312 1068 2342; x_wconf 83' lang='lat' dir='ltr'>homines</span> <span class='ocrx_word' id='word_1_250' title='bbox 1081 2311 1129 2342; x_wconf 76' lang='lat' dir='ltr'>CA</span> <span class='ocrx_word' id='word_1_251' title='bbox 1144 2311 1178 2343; x_wconf 75' lang='grc' dir='ltr'>(ι’.</span> <span class='ocrx_word' id='word_1_252' title='bbox 1193 2322 1217 2342; x_wconf 83' lang='lat' dir='ltr'>e.</span> <span class='ocrx_word' id='word_1_253' title='bbox 1236 2311 1318 2350; x_wconf 61' lang='lat' dir='ltr'>mis)</span> <span class='ocrx_word' id='word_1_254' title='bbox 1390 2311 1472 2340; x_wconf 90' lang='lat' dir='ltr'>mul-</span> 
     </span>
     <span class='ocr_line' id='line_1_36' title="bbox 146 2352 1473 2394; baseline -0.003 -8"><span class='ocrx_word' id='word_1_255' title='bbox 146 2356 189 2386; x_wconf 88' lang='lat' dir='ltr'>sit</span> <span class='ocrx_word' id='word_1_256' title='bbox 205 2354 265 2394; x_wconf 68' lang='grc' dir='ltr'>ΕΑ,</span> <span class='ocrx_word' id='word_1_257' title='bbox 278 2355 363 2385; x_wconf 70' lang='lat' dir='ltr'>unde</span> <span class='ocrx_word' id='word_1_258' title='bbox 375 2355 516 2386; x_wconf 88' lang='lat' dir='ltr'>mulsum</span> <span class='ocrx_word' id='word_1_259' title='bbox 530 2361 564 2387; x_wconf 89' lang='lat' dir='ltr'>et</span> <span class='ocrx_word' id='word_1_260' title='bbox 577 2355 808 2387; x_wconf 73' lang='lat' dir='ltr'>Friedlaendcr</span> <span class='ocrx_word' id='word_1_261' title='bbox 893 2366 912 2394; x_wconf 86' lang='lat'><strong>3</strong></span> <span class='ocrx_word' id='word_1_262' title='bbox 937 2355 1091 2394; x_wconf 84' lang='lat' dir='ltr'>stupidus</span> <span class='ocrx_word' id='word_1_263' title='bbox 1104 2354 1220 2384; x_wconf 80' lang='grc' dir='ltr'>ΑΑΒΑ</span> <span class='ocrx_word' id='word_1_264' title='bbox 1238 2365 1245 2384; x_wconf 73' lang='lat' dir='ltr'><strong><em>z</em></strong></span> <span class='ocrx_word' id='word_1_265' title='bbox 1269 2354 1410 2392; x_wconf 85' lang='lat' dir='ltr'>cupidus</span> <span class='ocrx_word' id='word_1_266' title='bbox 1425 2352 1473 2383; x_wconf 65' lang='lat' dir='ltr'>CA</span> 
     </span>
     <span class='ocr_line' id='line_1_37' title="bbox 148 2396 1473 2437; baseline -0.003 -9"><span class='ocrx_word' id='word_1_267' title='bbox 148 2410 166 2436; x_wconf 89' lang='lat'>4</span> <span class='ocrx_word' id='word_1_268' title='bbox 192 2398 323 2428; x_wconf 86' lang='lat' dir='ltr'>donasti</span> <span class='ocrx_word' id='word_1_269' title='bbox 342 2397 391 2428; x_wconf 77' lang='lat' dir='ltr'>CA</span> <span class='ocrx_word' id='word_1_270' title='bbox 600 2399 695 2429; x_wconf 93' lang='lat' dir='ltr'>XCV</span> <span class='ocrx_word' id='word_1_271' title='bbox 716 2399 791 2428; x_wconf 79' lang='lat' dir='ltr'>hab.</span> <span class='ocrx_word' id='word_1_272' title='bbox 814 2398 873 2428; x_wconf 82' lang='lat' dir='ltr'>TR</span> <span class='ocrx_word' id='word_1_273' title='bbox 953 2407 967 2428; x_wconf 93' lang='lat'>1</span> <span class='ocrx_word' id='word_1_274' title='bbox 994 2397 1148 2437; x_wconf 82' lang='lat' dir='ltr'>Alpicius</span> <span class='ocrx_word' id='word_1_275' title='bbox 1168 2397 1217 2427; x_wconf 76' lang='lat' dir='ltr'>CA</span> <span class='ocrx_word' id='word_1_276' title='bbox 1285 2397 1345 2426; x_wconf 86' lang='lat' dir='ltr'>fuit</span> <span class='ocrx_word' id='word_1_277' title='bbox 1364 2396 1473 2434; x_wconf 77' lang='lat' dir='ltr'>coepit</span> 
     </span>
     <span class='ocr_line' id='line_1_38' title="bbox 149 2438 1460 2482; baseline -0.002 -12"><span class='ocrx_word' id='word_1_278' title='bbox 149 2441 281 2473; x_wconf 62' lang='lat' dir='ltr'>AACA:</span> <span class='ocrx_word' id='word_1_279' title='bbox 306 2441 352 2472; x_wconf 87' lang='lat' dir='ltr'>fui</span> <span class='ocrx_word' id='word_1_280' title='bbox 368 2442 463 2482; x_wconf 90' lang='lat' dir='ltr'>coepi</span> <span class='ocrx_word' id='word_1_281' title='bbox 474 2441 530 2472; x_wconf 76' lang='grc' dir='ltr'>ΒΑ</span> <span class='ocrx_word' id='word_1_282' title='bbox 620 2442 750 2473; x_wconf 83' lang='lat' dir='ltr'>olficius</span> <span class='ocrx_word' id='word_1_283' title='bbox 769 2441 836 2474; x_wconf 75' lang='lat' dir='ltr'>CA:</span> <span class='ocrx_word' id='word_1_284' title='bbox 861 2440 1014 2481; x_wconf 87' lang='lat' dir='ltr'>colphius</span> <span class='ocrx_word' id='word_1_285' title='bbox 1030 2441 1070 2480; x_wconf 83' lang='lat' dir='ltr'>P,</span> <span class='ocrx_word' id='word_1_286' title='bbox 1089 2440 1229 2472; x_wconf 84' lang='lat' dir='ltr'>coalfius</span> <span class='ocrx_word' id='word_1_287' title='bbox 1246 2439 1285 2479; x_wconf 76' lang='lat' dir='ltr'>Q,</span> <span class='ocrx_word' id='word_1_288' title='bbox 1305 2439 1410 2470; x_wconf 78' lang='lat' dir='ltr'>Olfris</span> <span class='ocrx_word' id='word_1_289' title='bbox 1428 2438 1460 2467; x_wconf 79' lang='lat' dir='ltr'><em>R</em></span> 
     </span>
    </p>
   </div>
  </div>
 </body>
</html>
