1684 2763
764 149 1230 189 EPIGRAMMA'I'ON
1264 152 1366 190 LIB.
1401 154 1458 191 IX

239 259 413 309 Hyblam
444 259 551 308 quod
581 258 681 309 sapit
712 257 943 309 Atticosque
974 261 1097 303 fiores,

237 322 346 371 quod
376 321 490 360 nidos
520 321 599 358 olet
628 319 728 358 alitis
759 322 951 371 superbae
966 337 975 369 ,-

237 399 382 425 nomen
412 393 568 424 nectare
598 385 750 424 dulcius
781 386 908 433 beato,
1444 407 1460 436 5

235 464 315 502 quo
345 451 477 489 mallet
506 450 674 500 Cybeles
703 464 801 501 puer
829 452 957 490 vocari

236 523 273 554 et
303 516 369 566 qui
399 517 541 566 pocula
571 523 762 566 temperat
792 517 976 564 Tonanti,

236 582 343 631 quod
374 580 404 619 si
435 580 636 619 Parrhasia
665 594 781 620 sones
812 581 850 619 in
880 584 979 629 aula,

236 648 476 697 respondent
505 648 679 684 Veneres
711 646 1034 698 Cupidinesque;

237 726 382 751 nomen
413 711 556 758 nobile,
590 712 718 758 molle,
750 712 962 751 delicatum
1425 731 1463 753 10

237 792 348 816 versu
379 777 509 815 dicere
539 789 619 815 non
650 777 736 814 rudi
765 778 974 816 volebam:

237 844 306 882 sed
336 850 377 880 tu
408 842 555 891 syllaba
585 848 796 879 contumax
827 842 1002 881 rebellas.

237 908 373 946 dicunt
404 906 591 945 Eiarinon
622 914 754 945 tamen
784 914 936 956 poetae,

237 971 306 1009 sed
337 968 477 1009 Graeci
506 968 650 1018 quibus
681 975 739 1007 est
768 969 863 1006 nihil
895 978 1079 1019 negatum

237 1042 274 1072 et
304 1047 403 1084 quos
424 1034 538 1084 Ἀρες
559 1033 671 1083 ’Ἄρες
699 1034 813 1071 decet
845 1047 984 1072 sonare
1004 1050 1010 1072 :
1429 1054 1462 1085 ¹5

237 1098 352 1137 nobis
382 1112 462 1137 non
491 1098 582 1137 licet
612 1111 697 1137 esse
727 1105 807 1136 tam
837 1098 991 1137 disertis

240 1164 306 1214 qui
339 1166 475 1202 Musas
505 1163 672 1202 colimus
703 1163 925 1202 severiores.

559 1249 642 1286 XII
674 1249 817 1299 (XIII)

132 1321 290 1358 Nomen
320 1319 442 1357 habes
473 1319 595 1357 teneri
626 1319 735 1368 quod
765 1326 944 1369 tempora
974 1328 1176 1368 nuncupat
1205 1321 1308 1368 anni,

185 1397 274 1423 cum
305 1384 422 1422 breve
453 1383 670 1433 Cecropiae
700 1397 766 1421 ver
794 1386 1034 1434 populantur
1062 1399 1180 1435 apes:

132 1462 278 1488 nomen
309 1448 489 1487 Acidalia
519 1448 660 1486 meruit
690 1449 797 1497 quod
828 1449 1048 1487 harundine
1078 1450 1194 1500 pingi,

186 1515 294 1564 quod
325 1515 520 1564 Cytherea
549 1526 618 1551 sua
649 1513 818 1552 scribere
847 1516 992 1564 gaudet
1021 1528 1093 1553 acu
1109 1530 1118 1562 3

134 1593 279 1618 nomen
312 1577 534 1629 Erythraeis
564 1579 672 1628 quod
703 1577 829 1617 littera
858 1580 960 1617 facta
989 1579 1140 1628 lapillis,
1446 1598 1463 1629 5

185 1657 341 1694 gemma
371 1645 479 1694 quod
511 1643 728 1682 Heliadum
759 1643 900 1693 pollice
930 1643 1018 1682 trita
1047 1652 1180 1691 notetj,

135 1710 241 1760 quod
273 1709 393 1759 pinna
422 1708 616 1746 scribente
646 1721 758 1758 grues
788 1709 837 1746 ad
868 1708 995 1747 sidera
1030 1711 1194 1755 tollant;

187 1776 295 1823 quod
325 1775 439 1812 decet
470 1773 508 1811 in
539 1774 621 1811 sola
652 1772 830 1811 Caesaris
860 1786 945 1811 esse
975 1775 1106 1812 domo.

561 1858 667 1894 xm
699 1856 818 1907 (XII)

135 1929 173 1967 Si
203 1930 312 1967 daret
341 1936 554 1966 autumnus
584 1926 680 1964 mihi
710 1940 867 1974 nomen,
901 1928 1099 1978 Oporinos
1130 1942 1266 1975 essem,

188 1993 345 2032 horrida
374 1993 405 2031 si
435 1993 596 2031 brumae
627 1991 764 2038 sidera,
797 1992 1045 2031 Chimerinos
1061 2009 1070 2041 ;

135 2057 261 2096 dictus
291 2058 342 2096 ab
370 2057 518 2096 aestivo
548 2056 743 2094 Therinos
773 2056 843 2095 tibi
874 2071 1009 2096 mense
1039 2072 1221 2096 vocarer:

189 2130 365 2172 tempora
395 2122 457 2160 cui
487 2135 633 2160 nomen
663 2135 781 2159 verna
810 2123 954 2160 dedere
985 2123 1071 2172 quis
1102 2125 1188 2161 est?

179 2237 196 2263 4
223 2226 321 2255 nidus
334 2224 383 2255 CA
448 2236 467 2264 9
492 2224 677 2264 respondet
688 2223 743 2253 EA
812 2234 851 2254 10
875 2225 974 2255 molle
986 2237 1049 2256 om.
1064 2226 1116 2256 EA
1131 2229 1166 2255 ut
1177 2225 1239 2256 vicl.
1316 2236 1354 2255 12
1378 2226 1465 2265 sylla

139 2268 187 2297 (Ἃ
206 2278 285 2301 μιοιι
302 2267 351 2307 X)
443 2269 587 2299 rebellas
603 2266 656 2297 BA
673 2279 679 2297 z
705 2277 873 2307 repugnas
894 2268 943 2299 CA
1085 2271 1121 2299 16
1146 2270 1291 2300 desertis
1309 2269 1355 2299 CA

181 2311 247 2341 XII
275 2321 293 2340 2
318 2311 419 2342 breue
436 2312 510 2341 BA:
536 2312 622 2342 bene
643 2310 689 2341 CA
778 2312 851 2341 auis
868 2312 943 2343 BA:
967 2323 1049 2352 apes
1069 2313 1115 2343 C·x
1242 2322 1261 2351 3
1286 2312 1461 2343 acidalium

138 2387 187 2417 CA
313 2399 330 2426 4
355 2399 384 2427 q.
407 2392 457 2418 est
474 2388 576 2418 herea
596 2386 644 2418 CA
762 2396 781 2425 5
807 2388 957 2426 erythrei
977 2390 1069 2430 (412)
1090 2389 1137 2419 (Ἃ
1268 2390 1287 2418 6
1313 2361 1411 2418 nocet
1432 2393 1466 2417 les

138 2430 197 2460 vid.
218 2431 270 2461 ΒΑ
406 2441 420 2469 7
447 2431 567 2462 tollant
583 2430 639 2462 BA
657 2442 662 2461 z
687 2430 805 2460 tollent
825 2431 873 2461 CA

1320 2473 1378 2503 16*
