1684 2763
773 146 1241 186 EPIGRAMMATON
1276 149 1328 185 LI
1338 149 1380 186 Β.
1421 150 1475 185 IX

147 258 256 296 cuius
290 259 421 296 Iuleae
452 258 569 309 capiti
600 266 810 297 nascantur
839 259 974 306 olivae,

200 323 369 361 destinet
399 323 594 362 aetherius
624 323 686 362 cui
717 337 787 362 sua
817 331 918 362 serta
947 332 1066 374 pater.
1445 341 1482 362 10

148 389 260 425 'I‘olle
291 396 375 425 tuas
405 396 530 435 artes3
570 388 689 427 hodie
719 388 878 427 cenabis
908 390 1014 439 apud
1046 403 1108 427 me

203 454 274 489 liae
304 454 399 501 lege,
433 461 473 491 ut
505 466 634 492 narres
665 453 729 500 nil,
764 453 1001 500 Philomuse,
1035 454 1136 492 novi.

620 551 798 588 XXXVI

149 618 309 657 Viderat
339 620 562 657 Ausonium
594 619 723 669 posito
754 621 877 659 modo
907 620 1012 659 crine
1043 620 1263 659 ministrum

204 685 329 733 Phryx
359 697 464 733 puer,
496 684 653 722 alterius
682 685 826 734 gaudia
856 693 950 724 nota
980 685 1111 724 Iovis:

151 750 294 796 ‘Quod
325 756 414 787 tuus
444 762 536 787 ecce
567 763 639 787 suo
670 751 815 789 Caesar
845 750 1019 800 permisit
1049 751 1206 800 ephebo

202 822 243 851 tu
274 814 454 864 permitte
485 822 564 861 tuo,
597 814 766 853 maxime
796 816 942 854 rector’
972 815 1049 863 ait3

149 878 249 916 ‘iam
281 878 376 916 mihi
407 879 530 929 prima
561 881 653 918 latet
684 880 809 930 longis
839 881 983 930 lanugo
1014 880 1174 930 capillis,
1465 899 1480 928 5

203 943 279 980 iam
310 951 376 981 tua
407 957 469 981 me
500 943 598 982 ridet
630 946 733 982 Iuno
762 952 956 994 vocatque
987 945 1136 983 virum.'

150 1006 223 1046 Cui
256 1014 363 1055 pater
392 1006 588 1045 aetherius
622 1009 748 1045 ‘Puer
777 1021 800 1045 o
831 1007 1082 1055 dulcissime,’
1116 1008 1223 1054 dixit,

204 1073 308 1109 ‘non
338 1084 411 1121 ego
441 1073 549 1121 quod
580 1071 720 1121 poscis,
753 1085 812 1110 res
842 1080 958 1122 negat
987 1072 1071 1122 ipsa
1100 1072 1194 1111 tibi:

151 1138 295 1175 Caesar
324 1136 443 1174 habet
474 1144 607 1175 noster
637 1137 774 1175 similis
804 1136 875 1176 tibi
906 1137 1011 1176 mille
1042 1137 1239 1176 ministros

203 1209 391 1251 tantaque
421 1201 594 1241 sidereos
623 1202 686 1241 vix
715 1202 819 1253 capit
847 1204 937 1241 aula
966 1216 1092 1242 mares
1108 1218 1117 1251 3
1447 1220 1483 1241 10

150 1274 187 1304 at
218 1266 288 1304 tibi
318 1267 349 1305 si
378 1267 531 1306 dederit
561 1269 689 1306 vultus
720 1281 835 1306 coma
865 1276 978 1306 tonsa
1007 1268 1146 1314 viriles,

205 1331 291 1380 quis
322 1331 417 1369 mihi
448 1332 514 1381 qui
545 1340 679 1370 nectar
708 1332 871 1371 misceat
900 1335 996 1371 alter
1025 1333 1149 1371 erit?’

616 1433 818 1470 XXXVII

152 1503 255 1540 Cum
286 1501 336 1539 sis
367 1501 451 1551 ipsa
480 1501 590 1539 domi
620 1501 831 1551 mediaque
861 1515 998 1540 ornere
1029 1503 1192 1549 Subura,

206 1567 299 1604 fiant
328 1566 513 1604 absentes
542 1574 579 1604 et
610 1566 691 1613 tibi,
724 1568 848 1615 Galla,
880 1580 1028 1614 comae,

153 1645 224 1669 nec
255 1633 395 1670 dentes
424 1631 534 1669 aliter
563 1644 682 1681 quam
713 1631 843 1670 Serica
873 1639 989 1670 noete
1019 1645 1197 1682 reponas,

205 1704 243 1734 et
273 1696 399 1734 iaceas
430 1704 589 1735 centum
619 1696 780 1735 condita
809 1696 1028 1747 pyxidibus,

153 1775 225 1799 nee
255 1768 384 1800 tecum
416 1760 533 1800 facies
563 1769 630 1800 tua
659 1761 838 1809 dormiat,
870 1761 1000 1800 innuis
1030 1762 1096 1800 1110
1466 1779 1481 1809 5

206 1827 314 1876 quod
344 1826 415 1865 tibi
445 1828 640 1876 prolatum
671 1834 728 1865 est
759 1840 875 1865 mane
906 1827 1124 1877 supercilio,

152 1899 189 1929 et
220 1899 256 1929 te
287 1892 393 1929 nulla
422 1898 554 1930 movet
584 1890 671 1930 cani
701 1891 917 1930 reverentia
945 1891 1076 1938 cunni,

206 1969 324 2005 quem
355 1964 466 2007 potes
497 1956 595 1994 inter
623 1969 717 1995 avos
747 1956 824 1994 iam
855 1970 1060 1995 numerare
1090 1964 1188 1995 tuos.

195 2071 216 2098 9
240 2065 424 2090 nascuntur
435 2058 489 2088 ΒΑ
583 2069 622 2090 10
646 2060 775 2090 detinet
793 2059 842 2090 CA
901 2060 952 2091 sui
967 2059 1062 2100 (EA)
1077 2059 1127 2090 vel
1136 2071 1198 2090 sua
1213 2060 1261 2091 CA
1326 2065 1421 2100 parat
1436 2060 1484 2091 (Ἀ

157 2107 231 2142 ζρνο
249 2107 320 2142 ρέτ,
334 2103 383 2133 tle.
398 2107 495 2142 pater
506 2103 529 2134 N,
603 2113 639 2133 11
657 2113 742 2143 quas
755 2103 784 2133 T
824 2108 915 2134 artes
925 2103 1052 2135 AACA:
1070 2103 1244 2142 partesBA
1332 2104 1481 2134 XXXVI

154 2157 227 2176 cum
245 2146 381 2176 XXXV
397 2145 488 2184 confl.
508 2146 557 2176 CA
646 2157 666 2186 3
691 2158 757 2186 quo
774 2153 808 2177 tu
825 2147 914 2178 sicce
933 2146 982 2177 CA
1071 2147 1091 2176 8
1115 2157 1200 2186 quae
1213 2146 1268 2177 ΒΑ
1284 2159 1290 2177 :
1313 2149 1403 2186 quod
1424 2147 1473 2177 CA

198 2189 366 2220 XXXVII
391 2200 441 2221 vv.
463 2191 534 2228 1-6‚
551 2199 638 2229 9-10
654 2191 726 2221 hab.
755 2190 784 2222 T
904 2200 918 2221 1
943 2190 995 2221 uis
1014 2189 1064 2221 CA
1153 2201 1275 2221 ornare
1292 2190 1341 2221 CA
1465 2201 1483 2219 2

156 2233 314 2262 obsentes
338 2232 367 2262 T
480 2242 500 2271 3
524 2233 669 2264 sericata
698 2233 746 2264 CA
865 2244 883 2271 4
908 2234 1019 2264 iaceas
1037 2238 1170 2264 centum
1187 2233 1322 2264 AACA:
1347 2240 1480 2264 centum

155 2277 265 2306 iaceas
287 2274 342 2306 ΒΑ
467 2287 486 2315 5
512 2287 575 2307 nec
595 2287 668 2306 cum
687 2277 799 2308 saceas
823 2277 852 2308 T
980 2279 1000 2308 6
1024 2278 1190 2318 ploratum
1213 2276 1386 2316 Tmsort.
1408 2277 1480 2315 ΛΑ)

157 2319 206 2348 (7⁴³2
315 2319 497 2358 supercilio
513 2319 626 2350 AACA
641 2331 648 2351 ε
671 2321 887 2360 supercilium
904 2320 960 2351 BA
1107 2331 1123 2359 7
1149 2326 1182 2351 te
1198 2321 1231 2350 in
1250 2331 1356 2361 marg.
1378 2319 1431 2350 ΒΑ
1449 2323 1484 2348 ut

157 2362 216 2392 vicl.
265 2363 314 2401 (et
332 2362 420 2393 nulla
437 2367 470 2393 te
487 2363 550 2401 Ps3
576 2368 609 2394 et
626 2364 727 2403 nulla,
746 2374 810 2395 om.
831 2369 876 2402 te,
894 2364 943 2402 L;
968 2363 1058 2394 nulla
1075 2369 1107 2395 et
1125 2369 1157 2394 te
1176 2364 1221 2403 Q)
1305 2363 1396 2405 cani]
1415 2368 1480 2392 tam

157 2405 204 2435 CA
222 2405 249 2446 (t
260 2410 324 2446 pro
340 2416 368 2444 c,
384 2416 414 2436 rn
428 2411 490 2447 pro
506 2406 553 2446 ni)
