1684 2763
756 146 1227 185 EPIGRAMMATON
1261 148 1364 185 LIB.
1398 149 1501 184 VIII

618 258 839 295 LXXVIII

170 330 281 377 Quos
312 335 472 378 cuperet
503 329 717 378 Phlegraea
746 341 838 366 suos
867 327 1030 365 victoria
1060 329 1186 375 ludo&

224 393 363 432 Indica
392 407 491 443 quos
521 401 683 443 cuperet
712 406 870 443 pompa,
904 394 1044 442 Lyaeo,
1077 400 1177 439 tuos,

167 458 257 496 fecit
289 458 537 508 Hyperborei
568 458 786 497 celebrator
815 459 935 496 Stella
965 457 1164 508 triumphi,

221 537 245 561 o
275 525 426 573 pudor!
465 537 489 561 o
518 523 669 573 pietas!
709 530 746 561 et
776 530 887 573 putat
917 536 1002 561 esse
1032 537 1180 572 parum.

167 603 247 627 non
278 589 331 626 illi
361 589 453 627 satis
483 597 541 627 est
570 589 727 627 turbato
757 588 940 626 sordidus
969 601 1064 625 auro

222 655 396 692 Hermus
427 661 464 692 et
496 653 693 702 Hesperio
722 653 789 703 qui
819 660 933 691 sonat
963 653 1058 691 orbe
1088 654 1230 703 Tagus.

166 719 295 757 omnis
325 720 444 757 habet
473 732 543 757 sua
572 720 679 757 dona
707 718 816 756 dies:
855 732 928 756 nec
959 717 1062 756 linea
1091 718 1201 756 dives

219 792 345 822 cessat
375 792 412 822 et
442 784 481 821 in
512 786 703 834 populum
734 785 858 821 multa
887 783 1021 833 rapina
1051 783 1181 831 cadit;

166 862 271 887 nunc
300 849 464 887 veniunt
493 848 631 887 subitis
660 848 804 886 lasciva
833 848 1071 886 nomismata
1101 848 1256 894 nimbis,

219 928 325 952 nunc
354 916 421 952 dat
451 921 646 964 spectatas
676 921 822 952 tessera
851 915 955 962 larga
984 914 1094 960 feras,
1465 929 1504 950 10

166 993 270 1017 nunc
299 979 462 1028 implere
491 979 599 1016 sinus
629 991 788 1017 securos
817 979 964 1028 gaudet
993 986 1031 1015 et
1060 979 1204 1016 absens

218 1044 376 1082 sortitur
404 1044 600 1090 dominos,
634 1057 683 1081 ne
713 1045 917 1090 laceretur,
947 1043 1039 1080 avis.

164 1108 260 1158 quid
290 1122 494 1147 numerem
525 1122 658 1147 currus
689 1115 746 1146 ter
775 1110 958 1157 denaque
988 1106 1161 1157 praemia
1191 1109 1355 1157 palmae,

218 1187 320 1224 quae
349 1175 442 1212 dare
471 1187 552 1212 non
582 1187 738 1223 semper
767 1174 906 1211 consul
936 1179 1101 1221 uterque
1131 1174 1259 1210 solet?

164 1239 298 1277 omnia
327 1240 408 1284 sed,
440 1240 595 1284 Caesar,
628 1245 738 1276 tanto
768 1245 1002 1288 superantur
1032 1239 1194 1283 honore,
1465 1253 1500 1283 15

217 1305 326 1354 quod
356 1311 619 1354 spectatorem
649 1311 687 1342 te
717 1311 784 1341 tua
813 1305 943 1341 laurus
973 1303 1105 1341 habet.

634 1381 810 1417 LXXIX

271 1444 414 1484 Omnis
443 1452 510 1482 aut
540 1446 690 1482 vetulas
721 1444 844 1482 habes
874 1443 1021 1481 amicas

270 1518 337 1547 aut
367 1509 489 1559 turpis
519 1509 739 1558 vetulisque
769 1508 974 1547 foediores.

270 1576 341 1612 has
371 1574 483 1613 ducis
513 1574 678 1612 comites
708 1573 908 1622 trahisque
938 1580 1069 1611 tecum

270 1653 339 1689 per
367 1639 556 1685 convivia,
589 1638 773 1688 porticuS‚
806 1639 966 1676 theatra.

270 1704 325 1742 sic
355 1706 565 1751 formonsa,
600 1703 774 1749 Fabulla,
808 1703 863 1741 sic
893 1703 1024 1752 puella
1053 1715 1104 1740 es.

646 1781 797 1816 LXXX

163 1846 396 1883 Sanctorum
427 1845 542 1883 nobis
572 1844 759 1882 miracula
788 1843 919 1882 reddis
949 1856 1111 1881 avorum

217 1923 290 1948 nec
320 1910 473 1960 pateris,
508 1911 663 1955 Caesar,
696 1911 853 1947 saecula
882 1922 981 1946 cana
1011 1907 1123 1953 mori,

163 1988 253 2013 cum
284 1983 432 2013 veteres
464 1975 598 2013 Latiae
618 1974 713 2012 ritus
743 1981 982 2012 renovantur
1010 1974 1181 2011 harenae

217 2047 255 2078 et
284 2048 431 2090 pugnat
461 2039 581 2078 virtus
611 2039 849 2089 simpliciore
879 2052 1009 2076 manu.

208 2143 388 2173 LXXVIII
417 2153 430 2173 1
458 2143 598 2173 uiatoria
616 2142 665 2173 CA
780 2153 799 2172 2
823 2153 946 2181 cupere
963 2141 1018 2171 BA
1107 2140 1183 2180 lyae
1203 2141 1253 2171 CA
1369 2150 1388 2179 3
1413 2142 1499 2171 stilla

165 2185 214 2216 CA
322 2197 341 2224 4
367 2191 400 2216 et
417 2187 460 2225 pi.
479 2186 513 2216 P
619 2188 640 2216 6
665 2185 746 2216 urbe
775 2196 883 2225 pagus
910 2185 961 2215 CA
1070 2195 1091 2223 9
1116 2195 1206 2214 nunc
1234 2183 1312 2214 BA:
1348 2189 1425 2214 tunc
1452 2184 1501 2214 CA

163 2229 261 2259 subiti
289 2229 339 2259 CA
441 2240 480 2259 10
504 2230 648 2270 tessera]
669 2240 740 2259 -ara
756 2229 875 2267 Lfort.
897 2233 973 2258 recle
1076 2237 1111 2257 11
1138 2238 1278 2258 securus
1302 2227 1359 2257 BA
1463 2238 1499 2257 12

165 2273 320 2302 dominus
336 2271 392 2302 BA
409 2277 445 2302 ut
461 2273 524 2303 vid.
620 2283 658 2311 13
684 2283 823 2303 numere
842 2275 977 2310 (numer
991 2272 1015 2312 2)
1038 2275 1073 2300 ul
1088 2271 1150 2301 vid.
1170 2271 1227 2300 BA
1245 2274 1436 2310 (numerum
1460 2270 1498 2303 L.

165 2320 319 2345 numeret
338 2316 376 2354 Q,
398 2321 594 2346 numeretur
609 2317 648 2354 P,
669 2326 841 2346 numerem
851 2316 898 2354 s)
1013 2324 1050 2353 15
1076 2325 1189 2345 amore
1206 2313 1235 2343 L
1253 2326 1259 2344 z
1285 2315 1433 2344 honores
1452 2313 1499 2344 CA

168 2360 209 2389 16
230 2359 332 2389 habet
346 2359 401 2388 ΒΑ
418 2372 424 2389 :
447 2365 537 2390 amet
550 2360 600 2390 CA
614 2363 693 2401 (pro
708 2361 797 2398 abet,
814 2361 832 2389 i.
844 2370 868 2389 e.
889 2358 1026 2393 habet2)
1177 2358 1329 2388 LXXIX
1353 2368 1373 2396 3
1397 2358 1499 2387 duces

167 2401 216 2433 CA
233 2406 270 2431 ut
284 2402 347 2433 vad.
370 2402 433 2433 (xlc.
455 2404 531 2441 τίς)
757 2402 887 2432 LXXX
913 2413 932 2432 2
957 2402 1085 2440 poteris
1112 2399 1162 2431 CA
1279 2412 1297 2438 4
1323 2405 1355 2430 et
1372 2406 1500 2439 pugnat

172 2445 314 2476 Gzlbert:
339 2451 372 2476 et
390 2451 519 2485 pugnet
536 2445 590 2475 BA
607 2458 613 2476 z
637 2451 670 2476 et
687 2457 801 2485 pugna
819 2451 851 2476 et
872 2445 1023 2483 CA,fon.
1043 2448 1140 2475 recte:
1164 2449 1199 2474 ut
1216 2449 1343 2483 pugnet
1364 2443 1482 2473 Gruter
