1684 2763
760 128 1225 166 EPIGRAMMATON
1259 128 1361 165 LIB.
1396 128 1451 165 IX

653 242 707 278 LI

124 307 245 354 Quod
277 319 431 356 semper
460 319 622 356 superos
652 305 774 344 invito
804 307 917 343 fratre
947 304 1100 355 rogasti,

176 377 261 423 hoc,
295 378 465 423 Lucane,
498 375 568 415 tibi
598 375 771 427 contigit,
803 383 894 414 ante
925 374 1032 413 mori.

121 439 268 478 invidet
299 441 361 479 ille
391 441 488 489 tibi;
527 440 677 491 Stygias
707 454 799 479 nam
829 442 968 478 Tullus
997 441 1048 478 ad
1078 439 1236 477 umbras

173 506 346 555 optabat,
379 506 557 556 quamvis
587 506 635 544 sit
664 506 802 553 minor,
834 505 888 544 ire
917 505 1031 555 prior.

120 577 160 608 tu
191 571 287 608 colis
319 571 472 620 Elysios
502 571 753 622 nemorisque
783 570 979 609 habitator
1008 569 1165 608 amoeni
1432 585 1448 615 5

173 648 257 673 esse
287 643 355 674 tuo
386 636 555 686 primum
586 650 691 675 nunc
721 636 805 674 sinc
834 638 948 674 fratre
977 635 1114 685 cupis;

119 707 155 737 et
186 699 215 737 si
246 700 322 738 iarn
354 701 487 740 nitidis
516 703 687 740 alternus
716 701 822 740 venit
851 701 901 739 ab
930 700 1051 746 astris,

170 779 240 815 pro
271 768 432 805 Polluce
462 781 599 806 mones
629 768 794 806 Castora
822 781 871 805 ne
900 767 1043 805 redeat.

633 868 711 904 LII

224 931 262 969 Si
293 932 419 970 credis
450 932 555 979 mihi,
589 932 749 981 Quinte,
782 932 891 981 quod
922 930 1089 976 mereris,

223 996 372 1043 natalis,
405 996 533 1043 Ovidi,
565 1003 651 1034 tuas
680 995 824 1046 Aprilis

222 1068 264 1098 ut
293 1068 445 1100 nostras
473 1075 565 1100 amo
596 1061 758 1099 Martias
790 1061 1003 1099 Kalendas.

221 1125 312 1164 felix
341 1133 504 1176 utraque
533 1127 598 1164 lux
627 1126 791 1175 diesque
821 1125 934 1163 nobis

221 1190 402 1241 signandi
431 1191 658 1230 melioribus
688 1190 855 1242 lapillis!
1426 1204 1442 1235 5

220 1255 284 1293 hic
313 1256 432 1294 vitam
461 1256 595 1295 tribuit
624 1257 694 1295 sed
724 1256 787 1294 hic
815 1255 998 1294 amicum.

220 1321 306 1370 plus
336 1322 442 1368 dant,
474 1321 634 1371 Quinte,
666 1321 760 1359 mihi
791 1329 880 1359 tuae
912 1320 1129 1358 Kalendae.

623 1421 725 1458 LIII

113 1490 243 1528 Natali
274 1489 354 1537 tibi,
388 1490 548 1539 Quinte,
581 1498 648 1528 tuo
677 1491 770 1528 dare
800 1503 917 1540 parva
946 1490 1127 1528 volebam

167 1569 354 1603 munera3
392 1563 433 1593 tu
464 1555 673 1605 prohibes:
711 1555 929 1605 inperiosus
960 1556 1082 1593 horno
1112 1567 1163 1592 es.

110 1621 328 1670 parendum
360 1628 417 1658 est
447 1619 616 1667 monitis,
649 1621 715 1658 fiat
743 1621 852 1670 quod
882 1627 1045 1669 uterque
1075 1620 1251 1657 volemus

163 1692 201 1723 et
231 1686 338 1735 quod
368 1693 578 1735 utrumque
606 1684 734 1723 iuvat:
771 1692 812 1723 tu
842 1684 950 1731 mihi,
982 1684 1142 1733 Quinte,
1173 1685 1276 1723 dato.

618 1785 713 1822 LIV

110 1855 148 1893 Si
179 1855 275 1893 mihi
306 1856 450 1894 Picena
480 1857 615 1894 turdus
645 1857 806 1906 palleret
840 1855 951 1902 oliva,

161 1922 340 1959 tenderet
367 1928 435 1959 aut
463 1929 615 1959 nostras
644 1920 739 1960 silva
769 1920 913 1959 Sabina
942 1922 1086 1971 plagas,

109 1993 175 2023 aut
205 1993 404 2024 crescente
433 1986 528 2024 levis
557 1987 772 2025 traheretur
800 1985 1021 2024 harundine
1051 1986 1196 2035 praeda

162 2050 316 2100 pinguis
346 2058 385 2090 et
413 2051 606 2101 inplicitas
636 2051 740 2102 virga
769 2058 917 2089 teneret
946 2051 1051 2089 avis:

154 2154 195 2184 LI
223 2165 242 2193 3
267 2166 342 2186 nam
360 2155 461 2186 tullus
476 2156 530 2186 BA
549 2167 556 2186 z
581 2157 681 2187 modo
692 2161 810 2195 raptus
830 2155 877 2186 CA
966 2166 984 2194 4
1011 2156 1129 2195 quauis
1147 2155 1240 2195 (EA)
1260 2155 1309 2185 vel
1323 2166 1435 2194 quam-

107 2198 159 2228 uis
177 2198 226 2228 CA
330 2209 347 2237 7
372 2199 513 2230 alternis
528 2199 576 2230 CA
681 2210 710 2240 7⁷
730 2201 749 2229 8
774 2199 824 2230 vel
837 2200 882 2229 sic
894 2199 1068 2240 distingue,
1087 2199 1186 2230 astris
1205 2209 1266 2238 pro
1286 2199 1435 2235 Polluce,

108 2251 227 2271 mones
244 2247 354 2272 castor
370 2243 426 2272 BA
574 2243 633 2273 LII
660 2255 679 2274 2
703 2242 783 2274 uidii
800 2247 838 2272 ut
851 2243 914 2274 vid.
932 2244 986 2273 BA
1005 2248 1084 2283 (pro
1099 2243 1224 2275 Ovidii.
1243 2243 1261 2272 π’.
1276 2253 1299 2273 c.
1320 2242 1432 2272 Ovidii

108 2284 226 2323 aprilis
240 2285 287 2314 his
301 2286 311 2321 ζ
317 2286 348 2315 in
356 2287 428 2325 fine
443 2286 543 2316 huius
558 2297 672 2317 versus
687 2291 717 2317 el
730 2287 820 2317 initio
835 2286 1007 2326 sequenttsssl
1021 2287 1075 2316 ΒΑ
1222 2286 1301 2315 LIII
1320 2286 1391 2316 hab.
1411 2286 1440 2315 T

110 2338 123 2357 1
144 2328 203 2357 tibi
220 2338 286 2359 om.
301 2328 349 2358 CA
431 2331 548 2368 quinte
568 2331 648 2367 (om.
668 2329 741 2370 tuo)
759 2330 813 2360 BA
830 2341 837 2360 ε
860 2335 917 2361 tuo
933 2330 1051 2368 quinte
1070 2330 1116 2360 CA
1191 2339 1211 2367 3
1235 2329 1361 2359 uolenti
1385 2329 1433 2358 T:

107 2371 260 2401 iubemus
277 2371 328 2401 BA
349 2383 355 2401 ;
379 2373 530 2403 nolemus
549 2373 596 2403 CA
802 2373 878 2404 LIV
895 2374 966 2404 hab.
988 2373 1022 2405 T.
1072 2373 1157 2403 Cum
1175 2372 1253 2402 LIII
1273 2371 1363 2410 confl.
1386 2372 1433 2401 CA

109 2424 122 2444 1
148 2419 202 2445 tur
220 2414 268 2445 CA
287 2416 365 2454 (om.
386 2417 474 2455 -d',1'.
488 2427 510 2447 e.
531 2417 622 2457 —dus)
713 2427 732 2446 2
756 2417 873 2447 sauina
891 2415 938 2447 CA
954 2416 988 2457 (ι’.
1007 2427 1031 2448 e.
1051 2416 1147 2457 Sab-)
1238 2424 1258 2454 3
1282 2415 1367 2444 uelis
1385 2414 1434 2444 CA

149 2468 255 2490 MART.
275 2468 326 2489 εΡ.
1305 2460 1344 2490 17
