1684 2763
188 150 243 187 M.
276 149 398 187 VAL.
432 148 746 187 MARTIALIS

587 295 688 332 XIX
718 293 900 345 (XVIII)

190 389 275 426 Nec
303 395 418 425 vocat
446 388 497 426 ad
527 400 665 426 cenam
697 387 859 434 Marius,
889 399 964 425 nec
993 400 1155 425 munera
1184 386 1313 434 mittit,

240 465 313 491 nec
343 453 524 502 spondet,
555 466 629 490 nee
658 453 738 490 volt
767 453 936 499 credere,
968 453 1038 490 sed
1067 465 1140 490 nec
1170 452 1299 490 habet.

186 517 299 555 turba
328 525 460 556 tamen
490 530 570 555 non
601 518 688 556 dest
717 517 887 555 sterilem
917 530 1017 567 quae
1046 524 1155 555 curet
1182 516 1365 555 amicum.

241 583 378 620 Eheu!
417 595 536 632 quarn
566 583 695 620 fatuae
725 589 815 619 sunt
844 581 925 628 tibi,
959 584 1098 629 Roma,
1131 585 1270 632 togae!

626 739 703 774 XX
735 735 867 788 (ΧΙΧ)

295 831 381 868 Nec
411 831 573 868 doctum
604 829 695 868 satis
725 837 763 868 et
792 843 929 880 parum
958 842 1147 875 severum,

294 896 364 933 sed
394 908 473 933 non
504 894 734 933 rusticulum
764 902 897 938 tamen
927 894 1103 933 libellum

294 961 467 1013 facundo
498 973 586 998 mea
616 949 744 1012 Psinio
773 959 915 997 Thalia

294 1024 320 1062 i>
335 1025 486 1074 perfiet:
527 1023 653 1062 brevis
683 1032 741 1062 est
770 1024 881 1061 labor
909 1032 1089 1073 peractae

294 1091 416 1127 altum
447 1089 603 1127 vincere
633 1088 828 1127 tramitem
859 1089 1045 1127 Suburae.
1501 1106 1517 1136 5

294 1154 372 1193 illic
402 1155 563 1203 Orphea
591 1153 769 1204 protinus
800 1153 951 1192 videbis

294 1216 363 1254 udi
392 1216 535 1254 vertice
564 1216 757 1254 lubricum
793 1216 932 1254 theatri

295 1281 550 1331 mirantisque
579 1283 677 1320 feras
705 1294 899 1331 avemque
929 1281 1038 1331 regis,

294 1355 447 1396 raptum
478 1360 579 1397 quae
609 1348 761 1396 Phryga
789 1346 946 1396 pertulit
974 1346 1149 1384 Tonanti
1165 1361 1173 1393 3

294 1412 372 1450 illic
402 1425 519 1461 parva
548 1411 604 1450 tui
633 1413 776 1450 domus
808 1411 979 1450 Pedonis
1482 1424 1519 1448 10

293 1478 443 1515 caelata
471 1485 529 1515 est
557 1476 712 1527 aquilae
742 1476 892 1515 minore
921 1475 1055 1526 pinna.

295 1543 373 1580 Sed
404 1555 453 1580 ne
483 1550 660 1591 tempore
690 1555 770 1579 non
801 1550 868 1579 tuo
898 1541 1082 1579 disertam

294 1608 425 1656 pulses
455 1606 562 1663 elg—r-ia
591 1606 749 1644 ianuam
779 1606 938 1644 videto:

294 1679 399 1709 totos
428 1672 495 1709 dat
524 1671 683 1709 tetricae
712 1670 795 1709 dies
828 1671 1041 1718 Minervae,

294 1737 389 1774 dum
420 1744 579 1773 centum
609 1737 740 1774 studet
768 1735 926 1774 auribus
955 1735 1125 1773 virorum
1480 1750 1516 1780 15

296 1801 372 1838 hoc
403 1802 509 1849 quod
539 1802 694 1838 saecula
724 1800 948 1849 posterique
977 1799 1128 1849 possint

295 1864 454 1913 Arpinis
484 1878 644 1914 quoque
674 1878 887 1914 conparare
917 1863 1070 1901 chartis.

297 1930 408 1967 Seras
438 1929 557 1967 tutior
585 1929 659 1967 ibis
688 1931 739 1968 ad
769 1931 974 1981 lucernas:

296 1995 394 2032 haec
423 1995 517 2032 hora
547 2002 605 2032 est
634 2002 710 2041 tua,
742 2008 832 2032 cum
863 1993 952 2031 furit
983 1995 1146 2042 Lyaeus,

295 2049 385 2097 cum
415 2068 548 2109 regnat
578 2073 675 2107 rosa,
707 2073 797 2098 cum
829 2060 990 2097 madent
1019 2058 1170 2108 capilli:
1477 2077 1516 2097 20

295 2132 388 2162 tunc
419 2138 481 2163 me
510 2126 570 2163 vel
600 2124 711 2174 rigidi
740 2126 870 2174 legant
900 2125 1085 2164 Catones.

234 2226 319 2257 XIX
344 2227 416 2258 lmb.
440 2227 499 2258 ΤΕ
592 2238 604 2257 1
632 2232 730 2257 uacat
749 2226 794 2257 CA
884 2237 903 2256 2
927 2227 1064 2265 spondit
1081 2226 1140 2256 ΑΑ
1208 2227 1329 2257 redere
1349 2226 1408 2255 ΑΑ
1427 2228 1515 2267 (red-

188 2272 269 2301 dere
291 2270 377 2307 PR)
512 2271 579 2301 XX
604 2281 622 2300 2
647 2277 758 2301 tamen
776 2269 830 2300 ΒΑ
849 2281 856 2300 :
879 2270 957 2300 talia
976 2269 1023 2300 CA
1043 2269 1094 2309 (cst
1108 2280 1137 2300 v.
1151 2270 1185 2308 35
1277 2271 1453 2309 5postv.6
1466 2270 1513 2300 CA

193 2325 230 2345 12
255 2314 379 2344 diserta
397 2314 469 2346 BA:
497 2314 655 2344 disertam
674 2314 722 2344 CA
830 2324 868 2352 13
894 2314 1009 2352 pulsae
1029 2313 1135 2343 sebria
1154 2313 1199 2344 CA
1222 2313 1323 2354 (fpro
1338 2315 1369 2351 s)
1477 2323 1514 2352 15

191 2358 305 2388 studet
320 2357 374 2387 BA
391 2357 523 2388 Plinius
539 2358 619 2398 Epp.
641 2358 683 2388 iii.
704 2367 740 2387 21
761 2369 767 2388 ε
792 2361 887 2387 uacat
906 2356 952 2387 CA
1056 2357 1094 2386 16
1118 2357 1183 2388 hoc
1199 2367 1228 2389 S.
1248 2358 1330 2396 (om.
1345 2357 1447 2396 quod]
1469 2356 1515 2388 CA

189 2402 266 2442 (pro
285 2401 348 2432 hoc
365 2401 393 2432 si
410 2412 436 2432 s.
451 2402 476 2441 2)
554 2401 753 2441 posserique
773 2400 820 2432 CA
909 2411 951 2431 20
975 2410 1080 2439 regna
1098 2399 1147 2430 CA
1235 2410 1311 2431 eum
1330 2399 1376 2431 CA
