1684 2763
739 127 1208 168 EPIGRAMMATON
1242 131 1346 167 LIB.
1377 131 1482 168 VIII

155 241 326 280 scribant
355 240 427 280 ista
455 254 589 291 graves
619 240 783 279 nimium
814 240 1060 291 nimiumque
1090 241 1224 289 severi,

208 320 307 356 quos
338 306 468 344 media
498 306 659 344 miseros
690 313 807 344 noete
837 307 995 344 lucerna
1024 306 1141 344 videt.

153 378 191 408 at
221 379 262 409 tu
294 372 478 409 Romano
508 370 660 420 lepidos
689 372 769 409 sale
798 370 903 421 tinge
932 370 1112 409 libellos:

205 438 421 486 adgnoscat
450 450 578 475 mores
607 436 685 475 vita
713 438 894 486 legatque
923 450 1025 475 suos.
1445 453 1486 476 20

152 509 316 551 angusta
345 509 501 540 cantare
531 500 621 539 licet
650 500 817 540 videaris
845 514 980 548 avena,

205 567 301 605 dum
332 574 398 605 tua
427 568 639 605 multorum
670 565 800 605 vincat
829 579 953 605 avena
982 566 1120 604 tubas.’

681 649 740 686 IV

153 715 347 761 Quantus,
379 712 427 760 io,
461 712 593 751 Latias
624 713 762 751 mundi
792 720 1009 751 concentus
1038 714 1089 751 ad
1118 725 1203 751 aras

205 777 366 827 suscipit
395 785 434 815 et
462 777 577 815 solvit
605 790 676 827 pro
705 779 806 816 duce
835 785 926 815 vota
954 780 1052 816 suo!

151 856 231 880 non
262 850 352 880 sunt
382 844 479 880 hacc
509 842 729 889 hominum,
761 842 1007 889 Germanice,
1038 843 1181 892 gaudia
1210 850 1377 892 tantum,

204 908 273 946 sed
303 907 450 945 faciunt
480 907 552 957 ipsi
584 921 700 954 nunc,
732 915 839 957 puto,
872 921 980 945 sacra
1009 907 1083 946 dei.

689 990 726 1026 V

259 1060 365 1096 Dum
396 1060 532 1105 donas,
566 1060 711 1105 Macer,
743 1060 882 1097 anulos
911 1059 1062 1109 puellis,

257 1123 403 1171 desisti,
436 1125 584 1170 Macer,
615 1125 754 1162 anulos
784 1124 940 1162 habere.

674 1201 733 1237 VI

150 1270 382 1321 Archetypis
411 1270 531 1309 vetuli
561 1269 657 1308 nihil
687 1278 745 1309 est
774 1270 950 1309 odiosius
979 1270 1098 1309 Aucti

200 1336 345 1373 —ficta
374 1335 592 1385 Saguntino
621 1335 778 1385 cymbia
808 1337 912 1373 malo
941 1337 1079 1374 luto—
1094 1350 1104 1383 3

146 1400 295 1451 argenti
323 1400 469 1438 furiosa
498 1400 558 1438 sui
587 1414 678 1438 cum
708 1408 916 1439 stemmata
944 1408 1073 1439 narrat

198 1467 372 1516 garrulus
401 1473 439 1504 et
468 1465 595 1504 verbis
626 1465 784 1504 mucida
811 1465 902 1503 vina
930 1465 1044 1504 facit:

149 1531 496 1569 ‘Laomedonteae
525 1531 679 1568 fuerant
708 1531 805 1568 haec
834 1532 976 1579 pocula
1005 1543 1188 1569 mensae:
1462 1547 1480 1579 5

199 1597 313 1633 ferret
343 1603 385 1633 ut
414 1596 510 1633 haec
540 1608 672 1633 muros
702 1595 837 1632 struxit
866 1596 1012 1645 Apollo
1039 1597 1129 1644 lyra.

146 1662 222 1699 hoc
251 1668 398 1698 cratere
427 1661 533 1698 ferox
562 1659 759 1698 commisit
788 1659 935 1709 proelia
965 1661 1146 1698 Rhoetus

199 1738 289 1764 cum
321 1725 525 1775 Lapithis:
564 1738 697 1775 pugna
726 1725 858 1763 debile
887 1725 1012 1763 cernis
1042 1738 1153 1775 opus.

147 1789 186 1827 hi
216 1791 298 1828 duo
328 1791 520 1840 longaevo
550 1797 761 1828 censentur
790 1791 959 1828 Nestore
988 1789 1126 1828 fundi:

199 1855 341 1906 pollice
370 1857 420 1894 de
451 1854 561 1905 Pylio
590 1855 678 1893 trita
706 1855 892 1894 columba
920 1855 1028 1893 nitet.
1441 1870 1480 1893 10

206 1967 242 1996 17
268 1958 349 1999 ista]
369 1962 459 1988 stant
477 1958 529 1988 ΒΑ
612 1958 752 1988 nimium
771 1969 839 1988 om.
851 1957 906 1988 BA
1015 1967 1054 1997 19
1077 1967 1233 1987 romanos
1250 1957 1383 1996 lepidos
1395 1956 1454 1986 ΑΑ
1469 1969 1476 1988 ;

146 2011 284 2032 romano
300 2001 432 2041 lepidos
448 2001 501 2031 ΒΑ
520 2013 526 2031 :
550 2011 689 2031 romano
715 2001 845 2040 lepidos
871 2000 936 2041 (X)
955 2001 1005 2031 vel
1023 2011 1165 2031 romano
1182 2000 1295 2039 lepido
1313 2000 1409 2040 (EA)
1429 2000 1479 2031 CA

148 2046 319 2083 (romanos
335 2045 450 2084 lepido
468 2045 509 2084 G)
592 2045 710 2083 tingue
726 2044 776 2075 CA
873 2054 911 2074 21
937 2049 1121 2083 angustare
1137 2054 1164 2074 c.
1184 2043 1241 2074 BA
1337 2053 1378 2073 22
1402 2053 1477 2074 cum

147 2088 226 2119 AA:
251 2089 330 2119 dum
346 2088 454 2118 ΒΑΟΑ
515 2088 613 2118 tubas
630 2088 743 2118 ΑΑΒΑ
764 2099 771 2118 :
795 2088 907 2119 tubam
926 2087 974 2118 CA
1108 2088 1155 2118 IV
1182 2097 1195 2117 1
1220 2092 1406 2117 concentos
1422 2087 1476 2117 ΒΑ

149 2135 185 2161 nt
199 2132 262 2162 vid.
279 2131 516 2170 (concentusf,
535 2136 724 2162 concentos
738 2129 780 2171 L,
800 2136 979 2161 contentos
994 2130 1028 2161 P
1040 2143 1080 2161 ex
1095 2141 1186 2168 corn,
1202 2135 1392 2161 comtentus
1411 2130 1454 2169 Q)
1468 2141 1475 2160 ε

146 2179 335 2205 conuentus
353 2175 402 2205 CA
475 2175 607 2205 iadaras
626 2175 689 2215 (P)
708 2175 764 2205 vel
777 2176 908 2205 ladaras
926 2173 987 2212 (L)
1002 2175 1058 2204 ΒΑ
1168 2185 1188 2213 3
1213 2184 1290 2203 nam
1308 2184 1375 2203 non
1392 2174 1475 2203 haec

146 2218 200 2247 BA
226 2219 320 2257 (nam
340 2224 403 2258 pro
424 2221 459 2257 fi,
489 2219 508 2249 i.
520 2229 544 2249 e.
565 2228 643 2255 non,
664 2219 819 2258 scriplum
844 2229 900 2248 nec
920 2218 1058 2248 deletum
1071 2218 1094 2257 3)
1111 2229 1117 2247 z
1143 2228 1211 2247 non
1230 2222 1308 2247 sunt
1325 2218 1408 2247 haec
1427 2216 1473 2246 CA

189 2261 235 2291 VI
261 2272 310 2292 vv.
331 2271 406 2300 3-4‚
426 2262 498 2299 7—8,
522 2271 625 2292 11—12
650 2261 722 2292 lzab.
748 2261 777 2292 T
863 2271 875 2290 1
902 2266 955 2292 est
971 2262 1153 2291 studiosius
1172 2260 1220 2291 CA
1293 2260 1381 2291 eucti
1398 2260 1474 2290 BA:

148 2304 205 2335 illo
224 2304 272 2334 CA
291 2305 406 2344 (gloss.
426 2305 460 2334 in
475 2305 573 2343 αὐτῷ,
588 2305 607 2336 i.
618 2316 641 2336 c.
655 2305 766 2335 Aucto
778 2305 802 2342 ἲ)
823 2305 871 2345 (in
888 2305 1040 2335 lemmate
1056 2314 1100 2335 DE
1116 2314 1196 2334 Αντι
1214 2313 1375 2333 CRATERA
1392 2303 1451 2332 ΛΑ
1469 2314 1475 2332 z

148 2357 191 2377 DE
207 2357 307 2377 Avcrx
325 2357 487 2377 CRATERA
505 2347 568 2386 CA)
680 2359 699 2378 2
723 2349 823 2378 mallo
842 2347 891 2378 CA
1004 2358 1024 2386 3
1050 2349 1179 2378 fumosa
1195 2347 1329 2387 Lipsius
1402 2345 1470 2386 sui]

148 2391 200 2420 cui
218 2390 266 2421 CA
364 2400 383 2429 5
409 2391 645 2421 laomedontea
664 2391 714 2422 CA
812 2402 829 2431 7
853 2391 1028 2422 hacratere
1048 2391 1077 2422 T
1140 2390 1312 2430 Rhoetus]
1332 2390 1473 2419 chrocos

150 2436 222 2475 «ζει-Ἴ
242 2433 308 2475 -us)
327 2433 381 2464 BA
399 2435 474 2475 (pro
493 2434 686 2476 Rhoecos3>
823 2445 845 2474 9
869 2434 923 2465 hic
939 2434 994 2464 ΒΑ
1129 2443 1168 2464 10
1192 2433 1371 2472 columpna
1387 2432 1441 2462 ΒΑ
