<?xml version="1.0" encoding="UTF-8"?>
<!DOCTYPE html PUBLIC "-//W3C//DTD XHTML 1.0 Transitional//EN"
    "http://www.w3.org/TR/xhtml1/DTD/xhtml1-transitional.dtd">
<html xmlns="http://www.w3.org/1999/xhtml" xml:lang="en" lang="en">
 <head>
  <title>
</title>
<meta http-equiv="Content-Type" content="text/html;charset=utf-8" />
  <meta name='ocr-system' content='tesseract 3.04.00' />
  <meta name='ocr-capabilities' content='ocr_page ocr_carea ocr_par ocr_line ocrx_word'/>
</head>
<body>
  <div class='ocr_page' id='page_1' title='image "./epigrammatarecog00martuoft/epigrammatarecog00martuoft_0304.png"; bbox 0 0 1684 2763; ppageno 0'>
   <div class='ocr_carea' id='block_1_1' title="bbox 236 142 792 180">
    <p class='ocr_par' dir='ltr' id='par_1_1' title="bbox 236 142 792 180">
     <span class='ocr_line' id='line_1_1' title="bbox 236 142 792 180; baseline 0.004 -2"><span class='ocrx_word' id='word_1_1' title='bbox 236 142 292 178; x_wconf 89' lang='lat' dir='ltr'>M.</span> <span class='ocrx_word' id='word_1_2' title='bbox 322 142 445 179; x_wconf 86' lang='lat' dir='ltr'>VAL.</span> <span class='ocrx_word' id='word_1_3' title='bbox 477 142 792 180; x_wconf 89' lang='lat' dir='ltr'>MARTIALIS</span> 
     </span>
    </p>
   </div>
   <div class='ocr_carea' id='block_1_2' title="bbox 233 255 1556 573">
    <p class='ocr_par' dir='ltr' id='par_1_2' title="bbox 233 255 1556 573">
     <span class='ocr_line' id='line_1_2' title="bbox 715 255 869 294; baseline 0.006 -2"><span class='ocrx_word' id='word_1_4' title='bbox 715 255 828 294; x_wconf 86' lang='lat' dir='ltr'>XCV</span> <span class='ocrx_word' id='word_1_5' title='bbox 843 255 869 293; x_wconf 93' lang='lat' dir='ltr'>b</span> 
     </span>
     <span class='ocr_line' id='line_1_3' title="bbox 234 325 1305 375; baseline 0 -12"><span class='ocrx_word' id='word_1_6' title='bbox 234 326 393 364; x_wconf 89' lang='lat' dir='ltr'>Nomen</span> <span class='ocrx_word' id='word_1_7' title='bbox 423 326 699 375; x_wconf 79' lang='lat' dir='ltr'>Athenagorae</span> <span class='ocrx_word' id='word_1_8' title='bbox 728 325 869 375; x_wconf 90' lang='lat' dir='ltr'>credis,</span> <span class='ocrx_word' id='word_1_9' title='bbox 898 326 1127 373; x_wconf 83' lang='lat' dir='ltr'>Callistrate‚</span> <span class='ocrx_word' id='word_1_10' title='bbox 1159 340 1305 366; x_wconf 83' lang='lat' dir='ltr'>verum.</span> 
     </span>
     <span class='ocr_line' id='line_1_4' title="bbox 287 390 1192 442; baseline 0.003 -15"><span class='ocrx_word' id='word_1_11' title='bbox 287 390 318 428; x_wconf 86' lang='lat' dir='ltr'>si</span> <span class='ocrx_word' id='word_1_12' title='bbox 348 390 440 438; x_wconf 86' lang='lat' dir='ltr'>scio,</span> <span class='ocrx_word' id='word_1_13' title='bbox 472 391 703 441; x_wconf 75' lang='lat' dir='ltr'>dispeream,</span> <span class='ocrx_word' id='word_1_14' title='bbox 736 390 803 441; x_wconf 84' lang='lat' dir='ltr'>qui</span> <span class='ocrx_word' id='word_1_15' title='bbox 832 391 881 430; x_wconf 93' lang='lat' dir='ltr'>sit</span> <span class='ocrx_word' id='word_1_16' title='bbox 910 393 1192 442; x_wconf 82' lang='lat' dir='ltr'><strong>Athenagoras.</strong></span> 
     </span>
     <span class='ocr_line' id='line_1_5' title="bbox 233 457 1556 507; baseline 0.002 -14"><span class='ocrx_word' id='word_1_17' title='bbox 233 457 302 494; x_wconf 88' lang='lat' dir='ltr'>sed</span> <span class='ocrx_word' id='word_1_18' title='bbox 332 464 427 506; x_wconf 87' lang='lat' dir='ltr'>puta</span> <span class='ocrx_word' id='word_1_19' title='bbox 456 470 519 495; x_wconf 88' lang='lat' dir='ltr'>me</span> <span class='ocrx_word' id='word_1_20' title='bbox 548 470 694 504; x_wconf 85' lang='lat' dir='ltr'>verum,</span> <span class='ocrx_word' id='word_1_21' title='bbox 729 457 959 504; x_wconf 86' lang='lat' dir='ltr'>Callistrate,</span> <span class='ocrx_word' id='word_1_22' title='bbox 991 457 1121 496; x_wconf 85' lang='lat' dir='ltr'>dicere</span> <span class='ocrx_word' id='word_1_23' title='bbox 1151 471 1322 496; x_wconf 88' lang='lat' dir='ltr'>nomen:</span> <span class='ocrx_word' id='word_1_24' title='bbox 1540 476 1556 507; x_wconf 80' lang='lat'>5</span> 
     </span>
     <span class='ocr_line' id='line_1_6' title="bbox 287 523 1204 573; baseline 0.001 -14"><span class='ocrx_word' id='word_1_25' title='bbox 287 534 367 559; x_wconf 89' lang='lat' dir='ltr'>non</span> <span class='ocrx_word' id='word_1_26' title='bbox 397 535 470 571; x_wconf 83' lang='lat' dir='ltr'>ego</span> <span class='ocrx_word' id='word_1_27' title='bbox 499 523 569 560; x_wconf 88' lang='lat' dir='ltr'>sed</span> <span class='ocrx_word' id='word_1_28' title='bbox 599 530 726 561; x_wconf 81' lang='lat' dir='ltr'>vester</span> <span class='ocrx_word' id='word_1_29' title='bbox 754 530 891 572; x_wconf 88' lang='lat' dir='ltr'>peccat</span> <span class='ocrx_word' id='word_1_30' title='bbox 921 524 1204 573; x_wconf 80' lang='lat' dir='ltr'>Athenagoras.</span> 
     </span>
    </p>
   </div>
   <div class='ocr_carea' id='block_1_3' title="bbox 228 609 1555 1669">
    <p class='ocr_par' dir='ltr' id='par_1_3' title="bbox 228 609 1555 1669">
     <span class='ocr_line' id='line_1_7' title="bbox 715 609 850 648; baseline 0 -3"><span class='ocrx_word' id='word_1_31' title='bbox 715 609 850 648; x_wconf 74' lang='lat' dir='ltr'>XCVI</span> 
     </span>
     <span class='ocr_line' id='line_1_8' title="bbox 233 678 1247 729; baseline 0 -12"><span class='ocrx_word' id='word_1_32' title='bbox 233 678 408 717; x_wconf 81' lang='lat' dir='ltr'>Clinicus</span> <span class='ocrx_word' id='word_1_33' title='bbox 440 679 624 717; x_wconf 89' lang='lat' dir='ltr'>Herodes</span> <span class='ocrx_word' id='word_1_34' title='bbox 653 680 808 716; x_wconf 89' lang='lat' dir='ltr'>trullam</span> <span class='ocrx_word' id='word_1_35' title='bbox 838 679 1076 717; x_wconf 82' lang='lat' dir='ltr'>subduxerat</span> <span class='ocrx_word' id='word_1_36' title='bbox 1105 692 1247 729; x_wconf 82' lang='lat' dir='ltr'>aegro:</span> 
     </span>
     <span class='ocr_line' id='line_1_9' title="bbox 285 744 1246 795; baseline 0.002 -14"><span class='ocrx_word' id='word_1_37' title='bbox 285 745 502 793; x_wconf 84' lang='lat' dir='ltr'>deprensus</span> <span class='ocrx_word' id='word_1_38' title='bbox 531 744 627 782; x_wconf 80' lang='lat' dir='ltr'>dixit</span> <span class='ocrx_word' id='word_1_39' title='bbox 657 745 816 791; x_wconf 79' lang='lat' dir='ltr'>‘Stulte,</span> <span class='ocrx_word' id='word_1_40' title='bbox 849 744 944 794; x_wconf 83' lang='lat' dir='ltr'>quid</span> <span class='ocrx_word' id='word_1_41' title='bbox 974 758 1065 795; x_wconf 85' lang='lat' dir='ltr'>ergo</span> <span class='ocrx_word' id='word_1_42' title='bbox 1094 744 1246 783; x_wconf 77' lang='lat' dir='ltr'>bibis?&#39;</span> 
     </span>
     <span class='ocr_line' id='line_1_10' title="bbox 706 834 864 872; baseline 0.006 -2"><span class='ocrx_word' id='word_1_43' title='bbox 706 834 864 872; x_wconf 81' lang='lat' dir='ltr'>XCVII</span> 
     </span>
     <span class='ocr_line' id='line_1_11' title="bbox 233 902 1169 953; baseline 0.001 -13"><span class='ocrx_word' id='word_1_44' title='bbox 233 902 444 952; x_wconf 83' lang='lat' dir='ltr'>Rumpitur</span> <span class='ocrx_word' id='word_1_45' title='bbox 473 902 619 941; x_wconf 78' lang='lat' dir='ltr'>invidia</span> <span class='ocrx_word' id='word_1_46' title='bbox 649 902 822 953; x_wconf 84' lang='lat' dir='ltr'>quidam,</span> <span class='ocrx_word' id='word_1_47' title='bbox 854 903 1052 942; x_wconf 82' lang='lat' dir='ltr'>carissime</span> <span class='ocrx_word' id='word_1_48' title='bbox 1082 903 1169 950; x_wconf 89' lang='lat' dir='ltr'>Iuli,</span> 
     </span>
     <span class='ocr_line' id='line_1_12' title="bbox 284 968 1186 1019; baseline 0.001 -14"><span class='ocrx_word' id='word_1_49' title='bbox 284 969 392 1017; x_wconf 82' lang='lat' dir='ltr'>quod</span> <span class='ocrx_word' id='word_1_50' title='bbox 422 982 485 1006; x_wconf 88' lang='lat' dir='ltr'>me</span> <span class='ocrx_word' id='word_1_51' title='bbox 517 969 647 1006; x_wconf 85' lang='lat' dir='ltr'>Roma</span> <span class='ocrx_word' id='word_1_52' title='bbox 676 968 778 1017; x_wconf 85' lang='lat' dir='ltr'>legit,</span> <span class='ocrx_word' id='word_1_53' title='bbox 809 969 1001 1019; x_wconf 86' lang='lat' dir='ltr'>rumpitur</span> <span class='ocrx_word' id='word_1_54' title='bbox 1029 968 1186 1007; x_wconf 76' lang='lat' dir='ltr'>invidia.</span> 
     </span>
     <span class='ocr_line' id='line_1_13' title="bbox 230 1032 1266 1084; baseline 0.003 -15"><span class='ocrx_word' id='word_1_55' title='bbox 230 1032 421 1083; x_wconf 83' lang='lat' dir='ltr'>rumpitur</span> <span class='ocrx_word' id='word_1_56' title='bbox 450 1033 595 1072; x_wconf 81' lang='lat' dir='ltr'>invidia</span> <span class='ocrx_word' id='word_1_57' title='bbox 625 1035 733 1083; x_wconf 84' lang='lat' dir='ltr'>quod</span> <span class='ocrx_word' id='word_1_58' title='bbox 762 1034 876 1072; x_wconf 87' lang='lat' dir='ltr'>turba</span> <span class='ocrx_word' id='word_1_59' title='bbox 905 1048 1060 1084; x_wconf 84' lang='lat' dir='ltr'>semper</span> <span class='ocrx_word' id='word_1_60' title='bbox 1088 1034 1127 1072; x_wconf 89' lang='lat' dir='ltr'>in</span> <span class='ocrx_word' id='word_1_61' title='bbox 1157 1034 1266 1072; x_wconf 88' lang='lat' dir='ltr'>omni</span> 
     </span>
     <span class='ocr_line' id='line_1_14' title="bbox 282 1098 1114 1149; baseline 0.002 -14"><span class='ocrx_word' id='word_1_62' title='bbox 282 1106 545 1136; x_wconf 84' lang='lat' dir='ltr'>monstramur</span> <span class='ocrx_word' id='word_1_63' title='bbox 573 1098 707 1148; x_wconf 78' lang='lat' dir='ltr'>digito,</span> <span class='ocrx_word' id='word_1_64' title='bbox 738 1099 930 1149; x_wconf 89' lang='lat' dir='ltr'>rumpitur</span> <span class='ocrx_word' id='word_1_65' title='bbox 958 1099 1114 1137; x_wconf 83' lang='lat' dir='ltr'>invidia.</span> 
     </span>
     <span class='ocr_line' id='line_1_15' title="bbox 229 1163 1550 1214; baseline 0.002 -15"><span class='ocrx_word' id='word_1_66' title='bbox 229 1163 420 1212; x_wconf 88' lang='lat' dir='ltr'>rumpitur</span> <span class='ocrx_word' id='word_1_67' title='bbox 449 1163 595 1201; x_wconf 79' lang='lat' dir='ltr'>invidia</span> <span class='ocrx_word' id='word_1_68' title='bbox 624 1163 757 1202; x_wconf 87' lang='lat' dir='ltr'>tribuit</span> <span class='ocrx_word' id='word_1_69' title='bbox 787 1165 895 1213; x_wconf 85' lang='lat' dir='ltr'>quod</span> <span class='ocrx_word' id='word_1_70' title='bbox 926 1165 1070 1203; x_wconf 83' lang='lat' dir='ltr'>Caesar</span> <span class='ocrx_word' id='word_1_71' title='bbox 1099 1172 1262 1214; x_wconf 82' lang='lat' dir='ltr'>uterque</span> <span class='ocrx_word' id='word_1_72' title='bbox 1534 1182 1550 1212; x_wconf 75' lang='lat'>5</span> 
     </span>
     <span class='ocr_line' id='line_1_16' title="bbox 282 1227 1097 1279; baseline 0.002 -14"><span class='ocrx_word' id='word_1_73' title='bbox 282 1227 342 1265; x_wconf 91' lang='lat' dir='ltr'>ius</span> <span class='ocrx_word' id='word_1_74' title='bbox 372 1227 466 1265; x_wconf 90' lang='lat' dir='ltr'>mihi</span> <span class='ocrx_word' id='word_1_75' title='bbox 497 1236 690 1275; x_wconf 82' lang='lat' dir='ltr'>natorum,</span> <span class='ocrx_word' id='word_1_76' title='bbox 721 1229 913 1279; x_wconf 87' lang='lat' dir='ltr'>rumpitur</span> <span class='ocrx_word' id='word_1_77' title='bbox 942 1229 1097 1267; x_wconf 85' lang='lat' dir='ltr'>invidia.</span> 
     </span>
     <span class='ocr_line' id='line_1_17' title="bbox 229 1292 1411 1342; baseline 0.003 -13"><span class='ocrx_word' id='word_1_78' title='bbox 229 1292 421 1342; x_wconf 89' lang='lat' dir='ltr'>rumpitur</span> <span class='ocrx_word' id='word_1_79' title='bbox 449 1292 596 1331; x_wconf 80' lang='lat' dir='ltr'>invidia</span> <span class='ocrx_word' id='word_1_80' title='bbox 625 1295 733 1342; x_wconf 87' lang='lat' dir='ltr'>quod</span> <span class='ocrx_word' id='word_1_81' title='bbox 763 1307 826 1331; x_wconf 89' lang='lat' dir='ltr'>rus</span> <span class='ocrx_word' id='word_1_82' title='bbox 856 1294 951 1331; x_wconf 88' lang='lat' dir='ltr'>mihi</span> <span class='ocrx_word' id='word_1_83' title='bbox 981 1295 1097 1332; x_wconf 86' lang='lat' dir='ltr'>dulce</span> <span class='ocrx_word' id='word_1_84' title='bbox 1126 1294 1199 1332; x_wconf 88' lang='lat' dir='ltr'>sub</span> <span class='ocrx_word' id='word_1_85' title='bbox 1229 1294 1325 1333; x_wconf 79' lang='lat' dir='ltr'>urbe</span> <span class='ocrx_word' id='word_1_86' title='bbox 1354 1304 1411 1333; x_wconf 87' lang='lat' dir='ltr'>est</span> 
     </span>
     <span class='ocr_line' id='line_1_18' title="bbox 282 1358 1266 1409; baseline 0.001 -14"><span class='ocrx_word' id='word_1_87' title='bbox 282 1372 479 1408; x_wconf 81' lang='lat' dir='ltr'>parvaque</span> <span class='ocrx_word' id='word_1_88' title='bbox 508 1358 546 1396; x_wconf 91' lang='lat' dir='ltr'>in</span> <span class='ocrx_word' id='word_1_89' title='bbox 577 1359 673 1397; x_wconf 83' lang='lat' dir='ltr'>urbe</span> <span class='ocrx_word' id='word_1_90' title='bbox 703 1360 857 1406; x_wconf 80' lang='lat' dir='ltr'>domus,</span> <span class='ocrx_word' id='word_1_91' title='bbox 889 1359 1081 1409; x_wconf 90' lang='lat' dir='ltr'>rumpitur</span> <span class='ocrx_word' id='word_1_92' title='bbox 1110 1359 1266 1397; x_wconf 80' lang='lat' dir='ltr'>invidia.</span> 
     </span>
     <span class='ocr_line' id='line_1_19' title="bbox 229 1423 1248 1473; baseline 0.001 -13"><span class='ocrx_word' id='word_1_93' title='bbox 229 1423 418 1472; x_wconf 85' lang='lat' dir='ltr'>rumpitur</span> <span class='ocrx_word' id='word_1_94' title='bbox 447 1423 594 1461; x_wconf 78' lang='lat' dir='ltr'>invidia</span> <span class='ocrx_word' id='word_1_95' title='bbox 623 1425 731 1473; x_wconf 84' lang='lat' dir='ltr'>quod</span> <span class='ocrx_word' id='word_1_96' title='bbox 761 1437 847 1461; x_wconf 91' lang='lat' dir='ltr'>sum</span> <span class='ocrx_word' id='word_1_97' title='bbox 877 1423 1073 1462; x_wconf 89' lang='lat' dir='ltr'>iucundus</span> <span class='ocrx_word' id='word_1_98' title='bbox 1102 1423 1248 1470; x_wconf 86' lang='lat' dir='ltr'>amicis,</span> 
     </span>
     <span class='ocr_line' id='line_1_20' title="bbox 281 1489 1555 1540; baseline 0.002 -14"><span class='ocrx_word' id='word_1_99' title='bbox 281 1490 390 1538; x_wconf 78' lang='lat' dir='ltr'>quod</span> <span class='ocrx_word' id='word_1_100' title='bbox 419 1489 583 1527; x_wconf 74' lang='lat' dir='ltr'>conviva</span> <span class='ocrx_word' id='word_1_101' title='bbox 613 1490 807 1539; x_wconf 83' lang='lat' dir='ltr'>frequens,</span> <span class='ocrx_word' id='word_1_102' title='bbox 839 1490 1031 1540; x_wconf 88' lang='lat' dir='ltr'>rumpitur</span> <span class='ocrx_word' id='word_1_103' title='bbox 1058 1490 1215 1528; x_wconf 72' lang='lat' dir='ltr'>invidia.</span> <span class='ocrx_word' id='word_1_104' title='bbox 1519 1506 1555 1528; x_wconf 74' lang='grc' dir='ltr'>ιο</span> 
     </span>
     <span class='ocr_line' id='line_1_21' title="bbox 228 1553 1419 1606; baseline 0.002 -16"><span class='ocrx_word' id='word_1_105' title='bbox 228 1553 419 1603; x_wconf 82' lang='lat' dir='ltr'>rumpitur</span> <span class='ocrx_word' id='word_1_106' title='bbox 448 1553 594 1592; x_wconf 82' lang='lat' dir='ltr'>invidia</span> <span class='ocrx_word' id='word_1_107' title='bbox 623 1555 731 1604; x_wconf 84' lang='lat' dir='ltr'>quod</span> <span class='ocrx_word' id='word_1_108' title='bbox 760 1568 939 1592; x_wconf 86' lang='lat' dir='ltr'>amamur</span> <span class='ocrx_word' id='word_1_109' title='bbox 967 1556 1156 1605; x_wconf 82' lang='lat' dir='ltr'>quodque</span> <span class='ocrx_word' id='word_1_110' title='bbox 1185 1556 1419 1606; x_wconf 80' lang='lat' dir='ltr'>probamur:</span> 
     </span>
     <span class='ocr_line' id='line_1_22' title="bbox 280 1618 1092 1669; baseline 0.004 -14"><span class='ocrx_word' id='word_1_111' title='bbox 280 1626 482 1668; x_wconf 87' lang='lat' dir='ltr'>rumpatur</span> <span class='ocrx_word' id='word_1_112' title='bbox 510 1618 687 1669; x_wconf 84' lang='lat' dir='ltr'>quisquis</span> <span class='ocrx_word' id='word_1_113' title='bbox 716 1619 908 1669; x_wconf 89' lang='lat' dir='ltr'>rumpitur</span> <span class='ocrx_word' id='word_1_114' title='bbox 937 1619 1092 1659; x_wconf 82' lang='lat' dir='ltr'>invidia.</span> 
     </span>
    </p>
   </div>
   <div class='ocr_carea' id='block_1_4' title="bbox 692 1708 875 1746">
    <p class='ocr_par' dir='ltr' id='par_1_4' title="bbox 692 1708 875 1746">
     <span class='ocr_line' id='line_1_23' title="bbox 692 1708 875 1746; baseline 0.005 -2"><span class='ocrx_word' id='word_1_115' title='bbox 692 1708 875 1746; x_wconf 86' lang='lat' dir='ltr'>XCVIII</span> 
     </span>
    </p>
   </div>
   <div class='ocr_carea' id='block_1_5' title="bbox 225 1775 1119 1956">
    <p class='ocr_par' dir='ltr' id='par_1_5' title="bbox 225 1775 1119 1956">
     <span class='ocr_line' id='line_1_24' title="bbox 227 1775 1054 1826; baseline 0.002 -13"><span class='ocrx_word' id='word_1_116' title='bbox 227 1775 525 1814; x_wconf 76' lang='lat' dir='ltr'>Vindemiarum</span> <span class='ocrx_word' id='word_1_117' title='bbox 556 1790 635 1814; x_wconf 87' lang='lat' dir='ltr'>non</span> <span class='ocrx_word' id='word_1_118' title='bbox 666 1777 814 1826; x_wconf 84' lang='lat' dir='ltr'>ubique</span> <span class='ocrx_word' id='word_1_119' title='bbox 843 1784 1054 1826; x_wconf 82' lang='lat' dir='ltr'>proventus</span> 
     </span>
     <span class='ocr_line' id='line_1_25' title="bbox 225 1840 1111 1891; baseline 0 -13"><span class='ocrx_word' id='word_1_120' title='bbox 225 1841 399 1885; x_wconf 78' lang='lat' dir='ltr'>cessavit,</span> <span class='ocrx_word' id='word_1_121' title='bbox 433 1840 551 1879; x_wconf 85' lang='lat' dir='ltr'>Ovidi</span> <span class='ocrx_word' id='word_1_122' title='bbox 567 1856 576 1888; x_wconf 64' lang='grc' dir='ltr'><strong>ς</strong></span> <span class='ocrx_word' id='word_1_123' title='bbox 613 1841 744 1891; x_wconf 81' lang='lat' dir='ltr'>pluvia</span> <span class='ocrx_word' id='word_1_124' title='bbox 773 1842 916 1891; x_wconf 85' lang='lat' dir='ltr'>profuit</span> <span class='ocrx_word' id='word_1_125' title='bbox 945 1841 1111 1891; x_wconf 83' lang='lat' dir='ltr'>grandis.</span> 
     </span>
     <span class='ocr_line' id='line_1_26' title="bbox 227 1906 1119 1956; baseline 0 -13"><span class='ocrx_word' id='word_1_126' title='bbox 227 1914 385 1943; x_wconf 89' lang='lat' dir='ltr'>centum</span> <span class='ocrx_word' id='word_1_127' title='bbox 418 1906 596 1945; x_wconf 84' lang='lat' dir='ltr'>Coranus</span> <span class='ocrx_word' id='word_1_128' title='bbox 625 1907 835 1956; x_wconf 81' lang='lat' dir='ltr'>amphoras</span> <span class='ocrx_word' id='word_1_129' title='bbox 864 1920 990 1956; x_wconf 82' lang='lat' dir='ltr'>aquae</span> <span class='ocrx_word' id='word_1_130' title='bbox 1019 1906 1119 1945; x_wconf 87' lang='lat' dir='ltr'>fecit.</span> 
     </span>
    </p>
   </div>
   <div class='ocr_carea' id='block_1_6' title="bbox 706 1994 844 2031">
    <p class='ocr_par' dir='ltr' id='par_1_6' title="bbox 706 1994 844 2031">
     <span class='ocr_line' id='line_1_27' title="bbox 706 1994 844 2031; baseline 0.007 -1"><span class='ocrx_word' id='word_1_131' title='bbox 706 1994 844 2031; x_wconf 86' lang='lat' dir='ltr'>XCIX</span> 
     </span>
    </p>
   </div>
   <div class='ocr_carea' id='block_1_7' title="bbox 227 2064 1290 2168">
    <p class='ocr_par' dir='ltr' id='par_1_7' title="bbox 227 2064 1290 2168">
     <span class='ocr_line' id='line_1_28' title="bbox 227 2064 1290 2112; baseline 0.002 -12"><span class='ocrx_word' id='word_1_132' title='bbox 227 2064 386 2101; x_wconf 82' lang='lat' dir='ltr'>Marcus</span> <span class='ocrx_word' id='word_1_133' title='bbox 414 2071 519 2101; x_wconf 78' lang='lat' dir='ltr'>amat</span> <span class='ocrx_word' id='word_1_134' title='bbox 549 2072 700 2102; x_wconf 88' lang='lat' dir='ltr'>nostras</span> <span class='ocrx_word' id='word_1_135' title='bbox 729 2064 937 2111; x_wconf 87' lang='lat' dir='ltr'>Antonius,</span> <span class='ocrx_word' id='word_1_136' title='bbox 969 2064 1110 2112; x_wconf 84' lang='lat' dir='ltr'>Attice,</span> <span class='ocrx_word' id='word_1_137' title='bbox 1143 2066 1290 2110; x_wconf 52' lang='lat' dir='ltr'>Musas</span> 
     </span>
     <span class='ocr_line' id='line_1_29' title="bbox 279 2129 1135 2168; baseline 0.004 -3"><span class='ocrx_word' id='word_1_138' title='bbox 279 2129 412 2166; x_wconf 74' lang='lat' dir='ltr'>charta</span> <span class='ocrx_word' id='word_1_139' title='bbox 441 2129 639 2166; x_wconf 77' lang='lat' dir='ltr'>salutatrix</span> <span class='ocrx_word' id='word_1_140' title='bbox 668 2129 698 2166; x_wconf 92' lang='lat' dir='ltr'>si</span> <span class='ocrx_word' id='word_1_141' title='bbox 728 2130 850 2168; x_wconf 90' lang='lat' dir='ltr'>modo</span> <span class='ocrx_word' id='word_1_142' title='bbox 879 2143 969 2168; x_wconf 80' lang='lat' dir='ltr'>vera</span> <span class='ocrx_word' id='word_1_143' title='bbox 996 2131 1135 2168; x_wconf 84' lang='lat' dir='ltr'>refert:</span> 
     </span>
    </p>
   </div>
   <div class='ocr_carea' id='block_1_8' title="bbox 226 2230 1551 2444">
    <p class='ocr_par' dir='ltr' id='par_1_8' title="bbox 226 2230 1551 2316">
     <span class='ocr_line' id='line_1_30' title="bbox 271 2230 1551 2272; baseline 0.002 -10"><span class='ocrx_word' id='word_1_144' title='bbox 271 2232 364 2262; x_wconf 90' lang='lat' dir='ltr'>XCV</span> <span class='ocrx_word' id='word_1_145' title='bbox 379 2232 399 2261; x_wconf 88' lang='lat' dir='ltr'>b</span> <span class='ocrx_word' id='word_1_146' title='bbox 422 2232 494 2262; x_wconf 63' lang='lat' dir='ltr'>hab.</span> <span class='ocrx_word' id='word_1_147' title='bbox 516 2232 585 2264; x_wconf 80' lang='lat' dir='ltr'>TR.</span> <span class='ocrx_word' id='word_1_148' title='bbox 634 2233 719 2263; x_wconf 82' lang='lat' dir='ltr'>Cum</span> <span class='ocrx_word' id='word_1_149' title='bbox 734 2233 827 2264; x_wconf 89' lang='lat' dir='ltr'>XCV</span> <span class='ocrx_word' id='word_1_150' title='bbox 839 2233 930 2272; x_wconf 75' lang='lat' dir='ltr'>const.</span> <span class='ocrx_word' id='word_1_151' title='bbox 945 2233 1033 2264; x_wconf 86' lang='lat' dir='ltr'>codd.</span> <span class='ocrx_word' id='word_1_152' title='bbox 1054 2244 1061 2264; x_wconf 94' lang='lat'>:</span> <span class='ocrx_word' id='word_1_153' title='bbox 1081 2230 1327 2272; x_wconf 74' lang='lat' dir='ltr'>separ.Scn‘ver.</span> <span class='ocrx_word' id='word_1_154' title='bbox 1374 2243 1394 2271; x_wconf 83' lang='lat'><strong>3</strong></span> <span class='ocrx_word' id='word_1_155' title='bbox 1417 2234 1551 2272; x_wconf 78' lang='lat' dir='ltr'>quaeris</span> 
     </span>
     <span class='ocr_line' id='line_1_31' title="bbox 226 2275 1479 2316; baseline 0.002 -11"><span class='ocrx_word' id='word_1_156' title='bbox 226 2275 307 2305; x_wconf 56' lang='lat' dir='ltr'>AA:</span> <span class='ocrx_word' id='word_1_157' title='bbox 332 2276 442 2305; x_wconf 84' lang='lat' dir='ltr'>credis</span> <span class='ocrx_word' id='word_1_158' title='bbox 460 2275 568 2305; x_wconf 60' lang='grc' dir='ltr'>ΒΑΕ-Λ·</span> <span class='ocrx_word' id='word_1_159' title='bbox 699 2287 718 2314; x_wconf 85' lang='lat'>4</span> <span class='ocrx_word' id='word_1_160' title='bbox 741 2278 821 2315; x_wconf 88' lang='lat' dir='ltr'>quid</span> <span class='ocrx_word' id='word_1_161' title='bbox 838 2275 898 2306; x_wconf 78' lang='grc' dir='ltr'>ΑΑ</span> <span class='ocrx_word' id='word_1_162' title='bbox 1030 2285 1050 2314; x_wconf 84' lang='grc'><strong>5</strong></span> <span class='ocrx_word' id='word_1_163' title='bbox 1074 2281 1156 2316; x_wconf 88' lang='lat' dir='ltr'>puto</span> <span class='ocrx_word' id='word_1_164' title='bbox 1171 2275 1251 2308; x_wconf 65' lang='lat' dir='ltr'>AA:</span> <span class='ocrx_word' id='word_1_165' title='bbox 1275 2281 1356 2315; x_wconf 84' lang='lat' dir='ltr'>puta</span> <span class='ocrx_word' id='word_1_166' title='bbox 1372 2276 1479 2307; x_wconf 57' lang='grc' dir='ltr'>ΒΑΕΔ</span> 
     </span>
    </p>

    <p class='ocr_par' dir='ltr' id='par_1_9' title="bbox 271 2318 814 2359">
     <span class='ocr_line' id='line_1_32' title="bbox 271 2318 814 2359; baseline 0.004 -11"><span class='ocrx_word' id='word_1_167' title='bbox 271 2318 380 2348; x_wconf 74' lang='lat' dir='ltr'>XCVI</span> <span class='ocrx_word' id='word_1_168' title='bbox 406 2329 424 2347; x_wconf 80' lang='lat'>2</span> <span class='ocrx_word' id='word_1_169' title='bbox 450 2318 536 2348; x_wconf 87' lang='lat' dir='ltr'>uiuis</span> <span class='ocrx_word' id='word_1_170' title='bbox 551 2318 606 2348; x_wconf 64' lang='lat' dir='ltr'>BA</span> <span class='ocrx_word' id='word_1_171' title='bbox 626 2319 657 2359; x_wconf 82' lang='lat' dir='ltr'>(i.</span> <span class='ocrx_word' id='word_1_172' title='bbox 672 2330 694 2350; x_wconf 86' lang='lat' dir='ltr'>c.</span> <span class='ocrx_word' id='word_1_173' title='bbox 713 2320 814 2355; x_wconf 70' lang='lat' dir='ltr'>bibis)</span> 
     </span>
    </p>

    <p class='ocr_par' dir='ltr' id='par_1_10' title="bbox 269 2361 1225 2394">
     <span class='ocr_line' id='line_1_33' title="bbox 269 2361 1225 2394; baseline 0.001 -2"><span class='ocrx_word' id='word_1_174' title='bbox 269 2361 399 2392; x_wconf 81' lang='lat' dir='ltr'>XCVII</span> <span class='ocrx_word' id='word_1_175' title='bbox 425 2362 496 2393; x_wconf 75' lang='lat' dir='ltr'>hab.</span> <span class='ocrx_word' id='word_1_176' title='bbox 517 2362 550 2391; x_wconf 80' lang='lat' dir='ltr'><em>R</em></span> <span class='ocrx_word' id='word_1_177' title='bbox 642 2372 675 2392; x_wconf 90' lang='lat'>11</span> <span class='ocrx_word' id='word_1_178' title='bbox 703 2373 853 2394; x_wconf 83' lang='lat' dir='ltr'>amamus</span> <span class='ocrx_word' id='word_1_179' title='bbox 870 2362 904 2393; x_wconf 84' lang='lat' dir='ltr'><em>R</em></span> <span class='ocrx_word' id='word_1_180' title='bbox 923 2374 929 2394; x_wconf 72' lang='grc' dir='ltr'>ε</span> <span class='ocrx_word' id='word_1_181' title='bbox 952 2373 1103 2393; x_wconf 79' lang='lat' dir='ltr'>amamur</span> <span class='ocrx_word' id='word_1_182' title='bbox 1118 2361 1225 2393; x_wconf 60' lang='lat' dir='ltr'>BACA</span> 
     </span>
    </p>

    <p class='ocr_par' dir='ltr' id='par_1_11' title="bbox 272 2405 683 2444">
     <span class='ocr_line' id='line_1_34' title="bbox 272 2405 683 2444; baseline 0.002 -9"><span class='ocrx_word' id='word_1_183' title='bbox 272 2405 417 2436; x_wconf 84' lang='lat' dir='ltr'>XCVIII</span> <span class='ocrx_word' id='word_1_184' title='bbox 443 2416 462 2444; x_wconf 82' lang='lat'><strong>3</strong></span> <span class='ocrx_word' id='word_1_185' title='bbox 487 2405 615 2436; x_wconf 85' lang='lat' dir='ltr'>corinui</span> <span class='ocrx_word' id='word_1_186' title='bbox 636 2405 683 2437; x_wconf 78' lang='lat' dir='ltr'>CA</span> 
     </span>
    </p>
   </div>
  </div>
 </body>
</html>
