1684 2715
261 133 316 170 M.
349 130 470 168 VAL.
504 126 817 166 MARTIALIS

314 241 381 292 qui
411 239 597 291 pallentia
626 239 855 289 sulphurata
884 235 1014 275 fractis

314 313 510 357 permutat
538 303 679 350 vitreis,
710 303 819 353 quod
849 301 999 341 otiosae
1517 314 1534 345 5

314 371 449 410 vendit
479 369 545 420 qui
576 369 780 408 madidum
810 367 913 406 cicer
940 379 1122 412 coronae,

315 438 424 487 quod
454 443 586 474 custos
616 433 882 483 dominusque
910 432 1140 482 viperarum,

315 500 424 549 quod
454 498 548 536 viles
577 496 687 546 pueri
716 495 954 542 salariorum,

316 565 424 615 quod
454 562 645 602 fumantia
675 561 742 612 qui
771 561 941 600 tomacla
970 573 1108 598 raucus

317 630 539 669 circumfert
568 626 710 677 tepidis
740 640 860 665 cocus
890 624 1058 676 popinis,
1501 636 1539 659 10

317 695 425 744 quod
456 706 536 731 non
566 691 739 742 optimus
769 690 928 729 urbicus
957 698 1085 740 poeta,

317 759 426 809 quod
456 759 506 796 de
537 757 717 796 Gadibus
746 755 936 805 inprobus
967 754 1159 804 magister,

318 825 426 874 quod
457 823 582 861 bucca
611 830 669 860 est
699 820 818 859 vetuli
847 820 962 859 dicax
991 819 1156 858 cinaedi.

319 891 452 938 Quare
481 887 618 926 desine
647 886 724 924 iam
755 885 826 924 tibi
855 885 992 932 videri,

318 954 428 1004 quod
458 952 529 991 soli
559 951 641 998 tibi,
674 950 836 997 Caecili,
867 949 1020 996 videris,
1506 962 1543 994 15

319 1018 386 1069 qui
417 1018 600 1056 Gabbam
630 1015 776 1054 salibus
807 1015 882 1053 tuis
912 1023 949 1053 et
980 1014 1107 1064 ipsum

321 1097 455 1134 posses
484 1082 640 1120 vincere
669 1080 845 1119 Tettium
877 1080 1097 1119 Caballum.

322 1162 401 1187 non
431 1147 668 1196 cuicumque
699 1147 835 1184 datum
866 1152 924 1183 est
953 1144 1098 1183 habere
1129 1156 1292 1181 nasum:

322 1213 419 1253 ludit
450 1212 517 1262 qui
547 1211 690 1250 stolida
719 1210 968 1261 procacitate,
1265 1206 1269 1211 ’

322 1292 401 1317 non
432 1287 489 1317 est
518 1277 672 1315 Tettius
702 1276 776 1323 ille,
809 1276 878 1314 sed
909 1275 1093 1313 caballus
1508 1287 1547 1309 20

709 1376 829 1413 XLII
1300 1394 1327 1418 L„

217 1448 406 1497 coniugis
435 1446 608 1486 audisset
636 1447 759 1484 fatum
791 1459 880 1483 cum
912 1443 1049 1483 Porcia
1082 1442 1189 1480 Bruti

270 1522 308 1552 et
337 1514 535 1551 subtracta
564 1511 637 1550 sibi
668 1518 870 1561 quaereret
898 1522 1006 1547 arma
1035 1509 1158 1554 dolor,

220 1580 434 1618 ‘Nondum
466 1577 595 1615 scitis'
624 1576 676 1614 ait
709 1580 717 1595 ‘
735 1583 901 1614 mortem
932 1588 1011 1612 non
1043 1587 1158 1624 posse
1189 1571 1349 1621 negari?

270 1643 512 1682 credideram
544 1641 631 1679 fatis
660 1643 737 1679 hoc
766 1640 950 1679 docuisse
979 1640 1153 1688 patrem.'

219 1709 313 1748 dixit
344 1717 381 1746 et
410 1706 583 1745 ardentis
611 1706 729 1744 avido
758 1705 857 1743 bibit
887 1718 953 1742 ore
983 1703 1140 1741 favillas.
1530 1716 1545 1747 5

275 1776 291 1812 Ι
325 1786 429 1811 nunc
459 1780 495 1810 et
527 1773 680 1817 ferrum,
712 1771 825 1808 turba
856 1771 1029 1815 molesta,
1064 1780 1172 1817 nega.

705 1869 848 1906 XLIII

224 1944 288 1982 Bis
319 1941 388 1980 tibi
419 1940 554 1979 triceni
585 1939 741 1986 fuimus,
775 1937 974 1984 Mancine,
1007 1937 1133 1975 vocati

275 2016 313 2046 et
343 2006 513 2057 positum
544 2012 601 2043 est
631 2003 746 2042 nobis
776 2003 829 2041 nil
858 2004 950 2041 here
979 2009 1130 2053 praeter
1157 2014 1307 2051 aprum,

224 2086 303 2111 non
333 2085 434 2121 quae
464 2072 514 2108 de
544 2069 662 2108 tardis
692 2076 893 2107 servantur
922 2066 1065 2105 vitibus
1096 2079 1193 2104 uvae

277 2136 459 2176 dulcibus
488 2143 555 2173 aut
584 2142 734 2172 certant
764 2147 865 2183 quae
896 2132 1092 2170 melimela
1121 2130 1227 2176 favis,

270 2240 348 2270 XLI
373 2250 458 2277 4-20
486 2240 573 2278 [cum
592 2237 862 2277 XLII—XLVII)
880 2247 945 2267 om.
966 2235 1125 2274 BA,fol2·o
1140 2235 1263 2265 amisso
1342 2260 1344 2262 .
1366 2233 1387 2262 6
1409 2231 1552 2262 calidum

226 2284 383 2314 Heinsius
506 2292 539 2311 11
569 2281 714 2311 Urbicus
729 2280 864 2312 Scriver.
987 2289 1026 2309 12
1050 2279 1188 2309 cadibus
1203 2276 1267 2308 cod.
1382 2285 1419 2314 17
1445 2275 1554 2314 possis

223 2328 359 2359 Scriver.
496 2326 533 2355 18
558 2334 641 2354 nasu
658 2324 723 2354 cod.

270 2370 365 2401 XLII
391 2369 462 2399 hab.
490 2368 520 2398 T
639 2377 652 2396 1
678 2367 800 2397 sactum
823 2367 852 2397 T
971 2377 989 2404 4
1015 2365 1090 2396 fatis
1109 2364 1158 2396 G:
1182 2364 1265 2395 satis
1280 2361 1393 2392 AACA
1410 2362 1440 2400 (s
1452 2366 1513 2402 pro
1528 2361 1553 2399 s„

225 2417 245 2444 6
269 2415 361 2446 iom.
388 2412 417 2443 T
500 2410 654 2442 molestia
673 2410 721 2441 CA
1249 2405 1365 2437 XLIII
1389 2404 1462 2436 hab.
1488 2404 1518 2435 T
