1684 2763
753 159 1012 196 EPIGRAM
1019 160 1221 199 MATON

116 269 237 307 ardua
267 281 325 306 res
355 269 452 307 haec
482 276 550 315 est,
584 268 726 318 opibus
756 282 837 307 non
867 271 1018 308 tradere
1050 284 1176 309 mores

169 340 218 379 et,
249 347 339 371 cum
370 341 427 371 tot
457 334 626 372 Croesos
655 333 802 380 viceris,
834 348 919 372 esse
949 336 1135 374 Numam.

116 397 155 436 Si
185 399 346 436 redeant
375 405 535 445 veteres,
567 398 740 448 ingentia
769 399 941 446 nomina,
974 407 1112 449 patres,

171 463 346 512 Elysium
377 463 491 502 liceat
520 463 551 502 si
581 477 744 502 vacuare
774 478 940 502 nemus:

116 535 153 566 te
182 529 285 566 colet
314 527 481 566 invictus
511 542 581 578 pro
611 528 788 567 libertate
819 529 1021 576 Camillus,

169 606 308 630 aurum
339 593 540 632 Fabricius
570 602 607 632 te
637 594 832 632 tribuente
862 596 989 641 volet,

116 665 153 696 te
183 659 284 696 duce
313 658 500 708 gaudebit
531 661 684 706 Brutus,
717 659 787 697 tibi
818 660 924 697 Sulla
953 667 1136 698 cruentus

169 722 376 773 imperium
407 725 542 770 tradet,
575 737 665 761 cum
696 724 891 773 positurus
921 724 991 762 erit
1006 739 1016 772 3

116 795 153 826 et
183 795 221 826 te
250 787 400 838 privato
430 802 521 826 cum
552 790 719 828 Caesare
751 791 921 839 Magnus
950 789 1109 837 amabit,

169 853 334 891 donabit
363 860 463 892 totas
493 861 531 892 et
560 853 630 892 tibi
661 855 824 893 Crassus
853 868 960 904 opes.

117 917 198 967 ipse
228 931 387 967 quoque
416 918 575 956 infernis
605 926 808 957 revocatus
840 919 941 957 Ditis
971 920 1020 958 ab
1051 920 1199 958 umbris

170 982 201 1020 si
232 984 332 1022 Cato
362 984 555 1031 reddatur,
589 984 848 1023 Caesarianus
878 984 958 1023 erit.

642 1112 701 1148 VI

224 1199 259 1234 V
263 1196 362 1235 nctis
391 1196 551 1235 falciferi
581 1197 684 1236 senis
714 1197 864 1245 diebus,

224 1270 402 1311 regnator
431 1262 574 1312 quibus
603 1262 755 1313 inperat
784 1262 946 1310 fritilluS,

223 1341 335 1366 versu
365 1328 500 1365 ludere
529 1341 610 1366 non
639 1327 836 1366 laborioso

223 1392 426 1441 permittis,
457 1400 563 1442 puto,
595 1392 751 1442 pilleata
782 1395 922 1431 Roma.

226 1457 386 1504 Risisti;
423 1458 513 1496 licet
543 1471 646 1508 ergo,
678 1471 758 1496 non
789 1466 974 1497 vetamur.

226 1524 420 1560 Pallentes
450 1525 586 1573 procul
615 1523 708 1561 hinc
736 1523 842 1561 abite
871 1536 986 1561 curae
1001 1538 1011 1571 3

224 1588 419 1638 quidquid
448 1588 596 1626 venerit
626 1588 788 1626 obvium
818 1590 1025 1638 loquamur

226 1666 381 1691 morosa
409 1653 492 1691 sine
522 1653 770 1703 cogitatione.

226 1718 353 1756 Misce
383 1718 580 1765 dimidios,
613 1732 719 1768 puer,
752 1718 921 1765 trientes,

225 1785 359 1834 quales
390 1785 628 1833 Pythagoras
658 1784 778 1822 dabat
809 1784 970 1830 Neroni,

225 1849 357 1896 misce,
390 1848 600 1898 Dindyme,
632 1850 702 1887 sed
731 1848 1037 1898 frequentiores:

225 1927 385 1964 possum
416 1913 469 1951 nil
499 1927 572 1963 ego
602 1913 755 1952 sobrius
770 1928 780 1961 ,·
819 1913 970 1952 bibenti

225 1986 451 2017 succurrent
480 1978 576 2016 mihi
605 1978 833 2028 quindecim
862 1986 1013 2029 poetae.

228 2045 290 2081 Da
319 2057 424 2081 nunc
454 2043 573 2090 basia,
605 2045 676 2082 sed
706 2043 950 2083 Catulliana:

225 2121 326 2158 quae
355 2107 386 2146 si
415 2115 473 2146 tot
501 2108 643 2146 fuerint
672 2116 769 2158 quot
797 2108 861 2147 ille
891 2109 997 2156 dixit,

226 2173 386 2211 donabo
416 2172 486 2210 tibi
517 2175 719 2211 Passerem
750 2173 905 2213 Catulli.

1254 161 1356 198 LIB.
1388 161 1446 197 XI

1410 742 1449 764 10

1409 1801 1446 1823 10

1410 2126 1444 2157 15

120 2274 131 2281 '
162 2276 191 2305 V
214 2287 233 2314 4
257 2286 396 2306 croceos
422 2276 516 2316 (EA)
546 2277 595 2307 vel
618 2287 756 2308 creceos
782 2276 847 2316 (X)
879 2277 930 2307 CA
1109 2289 1125 2317 7
1151 2283 1183 2309 te
1209 2277 1314 2318 colet]
1342 2278 1446 2308 tholet

122 2319 222 2392 Εῗὼιί
237 2319 300 2350 vid.
319 2319 441 2359 (tholet
457 2320 532 2357 EA,
550 2321 646 2350 tollet
665 2320 704 2360 V,
724 2325 756 2351 te
773 2321 863 2351 uolet
880 2320 933 2361 X>
951 2321 1003 2363 <H
1016 2326 1078 2361 pro
1097 2322 1168 2361 EC)

120 2373 152 2393 co
202 2387 208 2393 .

162 2406 207 2437 VI
233 2416 252 2446 5
278 2416 346 2437 non
363 2405 441 2438 BA:
464 2417 526 2437 nec
542 2406 591 2437 CA
725 2408 763 2438 16
787 2407 837 2438 vel
851 2417 1023 2447 passerem

1317 2333 1337 2362 9
1361 2321 1446 2360 sylla
