1684 2763
218 134 271 169 M.
304 133 377 170 VA
386 134 425 170 L.
459 133 775 173 MARTIALIS

324 246 519 297 numquid
548 247 724 298 pollicita
753 256 812 287 est
842 248 912 288 tibi
943 250 1101 288 beatam

277 345 284 350 .
325 320 483 350 noctem
514 312 665 351 Naevia
694 313 924 364 sobriasque
955 315 1078 353 mavis

324 384 453 415 certae
483 377 678 427 nequitias
707 378 947 418 fututionis?

324 441 506 491 suspiras,
538 442 688 490 retices,
719 443 870 494 gemis:
910 445 1076 494 negavit.

325 507 482 545 crebros
512 521 604 557 ergo
634 508 724 547 licet
754 508 866 547 bibas
897 510 1056 549 trientes

325 581 363 610 et
393 574 534 611 durum
565 573 716 624 iugules
748 589 856 614 mero
885 578 1075 615 dolorem.

325 637 420 686 quid
452 639 577 688 parcis
607 639 689 687 tibi,
723 642 859 680 Rufe?
897 642 1177 680 dormiendum
1207 650 1276 680 est.
1516 660 1553 680 10

718 750 836 788 CVII

219 827 343 872 Saepe
373 823 468 861 mihi
500 824 608 871 dicis,
642 825 739 863 Luci
770 825 969 865 carissime
1002 826 1087 872 Iuli,

275 886 432 924 ‘Scribe
461 886 610 937 aliquid
642 901 853 937 magnum:
893 889 1116 927 desidiosus
1147 891 1268 929 homo
1299 891 1364 928 es)

219 951 311 989 ()tia
340 952 391 989 da
421 951 547 999 nobis,
580 954 649 991 sed
680 953 811 1002 qualia
839 954 984 992 fecerat
1014 954 1108 992 olim

278 1019 488 1055 Maecenas
520 1019 662 1057 Flacco
693 1019 946 1069 Vergilioque
977 1033 1076 1059 suo:

219 1083 390 1121 condere
420 1082 587 1121 victuras
617 1092 809 1133 temptem
839 1098 908 1134 per
936 1087 1092 1124 saecula
1121 1099 1232 1124 curas

273 1156 310 1185 et
341 1161 487 1186 nomen
519 1149 688 1187 flammis
718 1150 908 1199 eripuisse
939 1164 1083 1189 meum.

221 1213 260 1249 in
290 1213 440 1251 steriles
470 1215 610 1252 nolunt
640 1228 803 1265 campos
833 1215 922 1265 iuga
952 1217 1048 1254 ferre
1079 1215 1256 1254 iuvenci:

275 1277 418 1327 pingue
448 1280 574 1316 solum
606 1281 732 1327 lassat,
766 1281 835 1318 sed
865 1280 970 1318 iuvat
1001 1281 1083 1331 ipse
1114 1281 1233 1319 labor.

705 1396 847 1435 CVIII

225 1472 291 1508 Est
322 1470 578 1520 tibi—sitque
609 1485 746 1521 precor
776 1474 921 1511 multos
951 1482 1179 1523 crescatque
1211 1487 1278 1524 per
1306 1487 1489 1512 amms—

275 1537 437 1585 pulchra
465 1536 640 1585 quidem,
673 1551 808 1575 verum
840 1538 1115 1577 transtiberina
1143 1540 1311 1577 domus:

220 1609 258 1637 at
290 1614 375 1639 mea
407 1601 601 1651 Vipsanas
632 1610 812 1652 spectant
842 1605 1031 1641 cenacula
1060 1605 1200 1649 laurus,

274 1667 398 1703 factus
429 1665 467 1703 in
498 1667 571 1704 hac
601 1680 674 1717 ego
704 1681 792 1705 sum
822 1667 897 1706 iam
930 1668 1087 1719 regione
1117 1683 1246 1707 senex.

222 1730 468 1780 migrandum
501 1739 572 1777 est,
602 1740 643 1769 ut
675 1746 790 1770 manc
820 1733 928 1771 domi
960 1742 1008 1780 te,
1041 1736 1164 1781 Galle,
1198 1736 1386 1772 salutem:

274 1804 331 1834 est
362 1796 470 1842 tanti,
501 1797 562 1834 vel
592 1796 622 1834 si
653 1797 806 1847 longius
837 1797 901 1835 illa
931 1799 1039 1836 foret.

220 1862 290 1899 scd
321 1860 391 1898 tibi
421 1875 501 1898 non
533 1863 699 1899 multum
730 1870 802 1909 est,
832 1876 954 1901 unum
986 1863 1016 1901 si
1047 1871 1201 1913 praesto
1232 1871 1430 1913 togatum:

277 1927 443 1964 multum
474 1934 542 1973 cst,
576 1928 681 1965 hunc
711 1941 833 1965 unum
865 1927 896 1965 si
927 1928 1035 1975 mihi,
1068 1930 1190 1975 Galle,
1224 1942 1338 1978 nego.

225 1992 307 2040 ipse
336 1992 518 2029 salutabo
549 1993 718 2030 decuma
748 2000 786 2031 te
816 1993 971 2043 saepius
1001 1994 1123 2031 hora:

277 2070 391 2095 mane
422 2057 491 2094 tibi
523 2071 592 2107 pro
623 2071 686 2096 me
716 2057 820 2096 dicet
851 2059 992 2097 havere
1022 2058 1131 2097 liber.
1517 2075 1553 2095 10

264 2155 339 2185 CVI
366 2166 384 2193 4
411 2165 447 2185 es
467 2156 515 2185 C‘x
606 2166 623 2194 7
649 2156 785 2195 negabit
800 2156 869 2195 the.
891 2157 968 2195 -vitl
989 2157 1037 2187 CA
1126 2158 1146 2187 8
1170 2156 1265 2188 bibas
1283 2157 1362 2188 licet
1376 2157 1452 2188 BA:
1476 2157 1553 2187 licet

220 2198 312 2228 bibas
332 2198 381 2228 CA
512 2210 532 2238 9
557 2200 719 2238 pudorem
739 2199 816 2230 BA:
839 2200 991 2230 dolorem
1011 2201 1060 2231 CA

263 2241 356 2272 CVII
383 2241 455 2272 hal).
482 2242 510 2271 T
663 2254 675 2273 1
702 2243 885 2274 clarissime
908 2244 942 2274 P
1095 2254 1111 2282 7
1138 2243 1256 2274 nolunt
1279 2253 1417 2283 campos
1440 2243 1555 2273 ΑΑΒΛ

223 2285 306 2316 Fris.
324 2297 330 2315 :
354 2295 493 2324 campos
512 2286 629 2316 nolunt
649 2287 698 2317 CA

265 2328 379 2359 CVIII
404 2339 424 2368 3
447 2328 629 2368 Vipsanias
647 2329 741 2370 Rooy
865 2331 886 2360 6
910 2341 947 2361 es
963 2330 999 2360 X
1119 2341 1141 2369 9
1165 2330 1219 2361 uel
1235 2330 1346 2361 serius
1363 2330 1417 2360 BA
1430 2330 1482 2369 (cf.
1501 2330 1557 2359 ΙΙΙ

222 2373 332 2412 murm}
346 2374 379 2413 5}
400 2384 406 2402 :
430 2377 463 2402 te
475 2373 610 2412 saepius
625 2374 673 2403 CA
765 2384 804 2405 10
833 2385 935 2405 auere
953 2385 1030 2406 corr.
1047 2379 1146 2406 auete
1158 2378 1195 2404 ut
1211 2374 1272 2405 vid.
1291 2374 1340 2404 CA
1351 2375 1466 2412 (aucto
1480 2374 1544 2413 CGj
