1684 2763
210 141 266 178 M.
299 140 419 178 VAL.
451 140 765 180 MARTIALIS

207 252 315 300 quod
344 251 418 290 nisi
446 259 556 302 rapta
583 253 682 290 foret
710 251 859 291 nolenti
888 265 1026 302 poena,
1058 252 1219 302 parabat

260 316 409 355 saevior
438 316 478 354 in
507 318 629 356 lassos
659 317 712 355 ire
741 317 897 355 sinistra
925 318 1046 356 focos.

206 380 311 419 Scire
340 380 445 431 piget
474 389 563 431 post
592 383 668 420 tale
696 383 817 420 decus
847 382 942 432 quid
971 381 1104 420 fecerit
1131 389 1248 420 ante:

258 459 375 495 quam
405 445 484 484 vidi
514 445 605 484 satis
634 448 736 485 hanc
765 454 823 485 est
852 446 948 485 mihi
977 460 1093 485 nosse
1122 460 1294 484 manuma
1492 463 1531 483 10

685 540 823 576 XXXI

206 608 352 647 Nescio
380 608 475 658 quid
505 609 556 646 de
586 615 623 646 te
653 621 732 646 non
762 609 875 654 belle,
908 609 1053 654 Demo,
1083 607 1223 655 fateris,

257 672 423 723 coniuge
453 672 520 722 qui
549 674 668 711 ducta
697 672 779 710 iura
807 679 968 722 paterna
997 671 1107 722 petis.

204 739 272 776 sed
303 737 379 775 iarn
410 737 652 786 supplicibus
681 736 889 775 dominum
919 738 1061 775 lassare
1090 736 1229 775 libellis

257 802 394 840 desine
424 810 461 840 et
492 801 530 839 in
562 801 725 851 patriam
755 815 862 839 serus
891 801 942 839 ab
972 802 1070 839 urbe
1099 801 1206 840 redi:

204 880 293 904 nam
323 868 419 905 dum
449 874 490 904 tu
520 868 636 916 longe
664 868 818 905 deserta
847 879 965 904 uxore
993 865 1142 916 diuque
1511 884 1527 914 5

257 940 332 969 tres
361 930 514 980 quaeris
544 938 667 977 natos,
699 938 883 980 quattuor
912 930 1097 968 invenies.

676 1025 839 1061 XXXII

203 1095 304 1132 Aera
334 1106 402 1143 per
431 1093 593 1131 taciturn
623 1094 783 1143 delapsa
812 1092 984 1131 sedentis
1013 1092 1053 1130 in
1082 1093 1187 1143 ipsos

256 1157 364 1195 fluxit
392 1159 592 1196 Aratullae
622 1158 767 1195 blanda
796 1157 981 1195 columba
1009 1157 1128 1195 sinus.

202 1224 344 1261 luserat
373 1223 449 1260 hoc
477 1236 602 1268 casus,
634 1221 707 1260 nisi
736 1222 984 1260 inobservata
1013 1230 1188 1261 maneret

256 1286 522 1337 permissaque
552 1286 626 1324 sibi
657 1288 777 1324 nollet
805 1286 913 1339 abire
942 1288 1042 1336 fuga.

202 1351 240 1389 Si
273 1351 433 1389 meliora
462 1351 549 1400 piae
578 1352 635 1388 fas
665 1358 722 1389 est
752 1364 906 1400 sperare
935 1350 1057 1388 sorori

255 1424 292 1454 et
320 1416 527 1454 dominum
558 1415 695 1454 mundi
725 1417 880 1454 flectere
908 1424 999 1454 vota
1027 1417 1167 1462 valent,

202 1483 300 1519 haec
328 1494 351 1518 a
381 1480 537 1519 Sardois
567 1480 637 1518 tibi
667 1480 827 1518 forsitan
857 1480 979 1519 exulis
1008 1480 1096 1527 oris,

255 1547 367 1583 fratre
396 1559 606 1592 reversuro,
638 1545 774 1583 nuntia
802 1545 908 1584 venit
936 1545 1028 1583 avis.

659 1639 844 1676 XXXIII

203 1710 263 1746 I)e
292 1707 520 1757 praetoricia
550 1707 686 1746 folium
717 1708 823 1755 mihi,
856 1709 987 1755 Paule,
1019 1720 1165 1745 corona

254 1772 373 1810 mittis
403 1780 440 1810 et
470 1773 546 1810 hoc
576 1772 730 1822 phialae
759 1786 905 1811 nomen
935 1773 1079 1810 habere
1109 1771 1230 1810 iubes.

200 1839 272 1875 hac
302 1838 425 1875 fuerat
455 1851 579 1887 nuper
608 1837 751 1875 nebula
781 1836 851 1875 tibi
880 1850 1020 1886 pegma
1049 1844 1294 1886 perunctum,

254 1901 398 1952 pallida
427 1915 545 1951 quam
576 1901 678 1939 rubri
709 1901 822 1939 diluit
851 1903 958 1940 unda
987 1900 1101 1939 croci.

199 1979 249 2003 an
280 1965 401 2015 magis
430 1965 547 2004 astuti
577 1967 713 2004 derasa
743 1974 800 2004 est
829 1980 959 2016 ungue
990 1965 1154 2003 ministri
1506 1982 1523 2011 5

254 2030 413 2077 brattea,
444 2032 494 2069 de
523 2032 646 2068 fulcro
675 2044 793 2080 quam
823 2043 908 2068 reor
936 2043 1021 2068 esse
1050 2031 1150 2068 tuo?

246 2132 348 2163 XXX
372 2143 389 2171 7
415 2138 511 2171 rapto
524 2133 588 2163 EA
607 2133 738 2172 (etsort.
752 2134 818 2174 CA)
889 2143 929 2164 10
951 2139 1003 2164 est
1019 2144 1084 2163 om.
1102 2137 1138 2163 ut
1148 2132 1210 2164 vid.
1230 2132 1280 2163 CA
1291 2132 1423 2171 (sedest
1435 2133 1523 2165 hanc

200 2177 250 2216 A)
427 2175 546 2206 XXXI
570 2175 644 2207 lmb.
669 2176 698 2206 T
803 2187 822 2207 2
846 2177 925 2216 quid
949 2176 1074 2216 T(cum
1091 2175 1172 2215 AG)
1266 2176 1368 2217 petis]
1388 2176 1456 2215 pati
1475 2176 1522 2207 CA

245 2218 382 2248 XXXII
407 2219 479 2249 lmb.
504 2219 538 2249 T.
630 2229 649 2248 2
672 2219 764 2249 afluit
782 2219 830 2249 CA
846 2222 924 2260 (pro
940 2220 1044 2258 ssuait,
1060 2220 1091 2249 A
1103 2224 1164 2259 pro
1176 2219 1223 2257 X)
1291 2221 1452 2250 aretullae
1468 2220 1521 2249 BA

201 2273 220 2300 3
245 2262 264 2291 l.
282 2271 420 2292 occasus
445 2261 534 2292 TLE
598 2272 737 2292 manere
752 2262 808 2292 ΒΑ
917 2273 935 2300 4
961 2263 1023 2292 sibi
1048 2273 1078 2292 n.
1102 2262 1238 2292 AACA:
1261 2262 1317 2292 diu
1343 2273 1374 2293 n.
1405 2263 1519 2303 (PQs)

201 2305 250 2334 vel
271 2315 302 2335 n.
329 2307 407 2342 (om.
437 2305 513 2343 sibi)
541 2305 599 2345 (L)
624 2304 681 2334 BA
768 2314 787 2343 5
815 2305 871 2344 pia
893 2305 950 2335 BA
1037 2306 1057 2335 8
1081 2305 1346 2336 frater-euersum
1364 2305 1414 2336 CA

245 2347 401 2378 XXXIII
427 2358 475 2379 vv.
499 2358 591 2387 1—10‚
614 2349 728 2386 13-18.
755 2349 863 2378 21-26
887 2348 959 2379 lzab.
989 2348 1034 2385 T;
1059 2360 1106 2379 vv.
1132 2351 1240 2386 23-26
1261 2348 1334 2380 hab.
1350 2349 1383 2379 R
1499 2361 1519 2387 4

204 2392 311 2422 rubris
325 2391 373 2422 CA
432 2401 452 2431 5
475 2391 534 2432 an]
548 2392 582 2421 in
605 2391 639 2432 T,
653 2391 738 2422 unde
753 2392 786 2422 ni
797 2391 890 2431 Rooy
947 2393 968 2422 6
991 2392 1101 2423 fulcho
1113 2391 1186 2423 BA:
1203 2392 1319 2432 pulcro
1332 2391 1455 2434 (-chr0)
1471 2392 1519 2423 CA
