1684 2763
208 146 264 182 M.
296 145 417 182 VAL.
452 144 764 182 MARTIALIS

207 254 261 292 sic
290 253 425 304 priscis
454 261 626 292 servatur
654 255 781 292 honos
811 261 849 291 te
877 253 1055 304 praeside
1084 254 1240 303 templis
1511 272 1528 302 5

261 327 299 357 et
327 332 417 357 casa
445 327 524 357 tam
555 321 661 357 culto
692 319 764 357 sub
796 320 891 357 Iove
920 332 1068 357 numen
1098 320 1217 357 habet
1234 333 1243 366 3

208 385 262 422 sic
291 397 394 422 nova
422 385 517 422 dum
547 383 697 431 condis,
728 396 897 430 revocas,
929 385 1118 433 Auguste,
1148 383 1302 433 priora:

262 449 455 495 debentur
484 462 584 498 quae
613 456 703 486 sunt
732 461 911 498 quaeque
940 449 1046 487 fuere
1075 448 1156 486 tibi.

675 542 849 578 LXXXI

316 612 409 649 Non
439 624 507 660 per
536 610 699 659 mystica
726 623 835 648 sacra
863 610 1134 659 Dindymenes

316 689 389 714 nec
418 689 486 725 per
516 675 691 713 Niliacae
720 675 863 713 bovem
894 674 1092 721 iuvencae,

316 742 444 778 nullos
474 739 645 789 denique
673 752 741 789 per
770 740 866 777 deos
896 740 1068 789 deasque

317 805 415 843 iurat
445 804 582 851 Gellia,
614 805 683 842 sed
714 817 781 853 per
809 804 986 842 uniones.

318 871 390 908 hos
418 868 675 918 amplectitur,
707 870 779 907 hos
809 871 1086 918 perosculatur,

318 936 390 972 hos
420 935 553 972 fratres
581 941 706 980 vocat,
738 935 809 971 hos
839 942 952 972 vocat
982 947 1143 981 sorores,

320 1001 392 1038 hos
421 999 521 1036 natis
549 1006 654 1036 amat
683 998 809 1036 acrius
839 999 1004 1037 duabus.

320 1063 379 1100 his
409 1062 440 1100 si
469 1076 549 1112 quo
578 1070 706 1100 careat
736 1062 886 1100 misella
915 1076 1018 1109 casu,

320 1127 508 1165 victuram
538 1135 653 1177 negat
683 1141 767 1165 esse
797 1140 837 1165 Se
867 1141 940 1165 nec
970 1129 1118 1165 horam.

323 1194 446 1238 Eheu,
479 1205 597 1241 quam
628 1192 728 1230 bene
758 1205 874 1238 nunc,
907 1191 1123 1241 Papiriane‚
1497 1207 1536 1229 10

321 1256 475 1294 Annaei
505 1258 647 1294 faceret
681 1269 820 1293 manus
855 1256 1015 1294 Sereni!

220 1421 347 1456 Dante
377 1417 447 1455 tibi
477 1417 589 1455 turba
618 1418 812 1466 querulos,
844 1419 1030 1466 Auguste,
1063 1417 1215 1455 libellos

270 1496 341 1520 nos
370 1495 529 1532 quoque
558 1483 666 1531 quod
695 1481 859 1519 domino
888 1481 1061 1519 carmina
1088 1495 1205 1531 parva
1233 1483 1383 1528 damus,

217 1560 332 1596 posse
360 1548 479 1585 deum
509 1547 624 1584 rebus
654 1546 795 1595 pariter
826 1546 1031 1595 Musisque
1059 1560 1196 1584 vacare

271 1612 414 1650 scimus
444 1619 481 1649 et
510 1612 607 1649 haec
637 1611 754 1649 etiam
783 1619 884 1649 serta
913 1612 1065 1661 placere
1095 1611 1175 1649 tibi.

219 1679 273 1714 fer
300 1683 417 1722 vates,
449 1678 635 1725 Auguste,
667 1683 780 1713 tuos:
819 1689 890 1713 nos
919 1675 1040 1725 gloria
1069 1675 1203 1722 dulcis,
1520 1691 1536 1721 5

271 1754 343 1778 nos
372 1748 438 1777 tua
467 1753 558 1777 cura
586 1739 689 1789 prior
717 1740 959 1789 deliciaeque
987 1753 1132 1777 sumus,

219 1819 298 1843 non
328 1818 494 1854 quercus
524 1812 561 1842 te
590 1806 672 1841 sola
701 1805 815 1842 decet
844 1817 917 1841 nec
946 1805 1076 1841 laurea
1105 1803 1282 1841 Phoebi:

274 1870 339 1907 fiat
369 1877 406 1907 et
435 1882 481 1906 ex
510 1869 654 1906 hedera
683 1867 805 1905 civica
834 1875 965 1905 nostra
993 1867 1074 1905 tibi.

266 1971 397 2001 LXXX
421 1980 440 2009 5
464 1976 616 2001 seruatur
631 1970 685 2000 BA
701 1982 707 2001 :
730 1974 884 2001 seruatus
900 1969 949 2000 CA
1036 1970 1144 2000 honor
1161 1974 1194 2000 te
1210 1969 1264 1999 BA
1279 1980 1287 1999 z
1309 1970 1418 1999 honos
1431 1974 1463 1999 te
1475 1969 1538 2010 (A)

221 2015 269 2046 vel
283 2016 424 2045 honeste
442 2015 542 2055 (-tae)
562 2013 660 2054 (EX)
681 2014 729 2044 CA
816 2015 836 2043 6
860 2023 983 2043 nomen
1000 2012 1055 2042 ΒΑ

266 2058 413 2088 LXXXI
439 2068 458 2095 4
483 2058 582 2096 gallia
600 2057 650 2087 CA
735 2058 756 2087 6
780 2057 842 2087 hos
858 2068 888 2087 u.
909 2066 933 2086 s.
952 2056 1029 2086 BA:
1054 2060 1087 2086 et
1102 2067 1132 2087 u.
1152 2065 1177 2086 s.
1199 2055 1248 2085 CA
1368 2065 1385 2094 7
1410 2055 1540 2085 duobus

222 2101 277 2131 BA
294 2112 300 2131 ε
325 2102 452 2130 duabus
471 2100 520 2130 CA
663 2110 684 2139 9
707 2104 808 2138 negat
824 2099 879 2129 BA
894 2111 900 2130 :
924 2105 1028 2138 neget
1043 2099 1093 2129 CA
1195 2099 1277 2128 hora
1293 2097 1347 2127 BA
1503 2108 1542 2128 10

224 2144 323 2183 papia
340 2144 416 2174 iane
432 2143 486 2173 BA

269 2187 434 2217 LXXXII
459 2197 478 2226 3
502 2196 623 2217 uocare
639 2186 693 2216 BA
711 2186 772 2227 (tsse.
792 2186 882 2226 vac-)
1014 2194 1033 2224 5
1056 2185 1150 2215 ducis
1168 2183 1216 2215 CA
