1684 2763
211 131 265 167 M.
298 131 420 168 VAL.
454 131 767 169 MARTIALIS

467 242 650 282 XCVIII
682 241 865 293 (XCIX).
900 244 1061 292 Caprea.

212 324 455 362 Pendentem
486 337 640 362 summa
669 337 849 374 capream
879 326 928 364 de
957 339 1052 374 rupe
1081 324 1257 364 videbis:

263 401 438 427 casuram
469 402 598 439 speres
613 404 624 438 3
662 390 828 440 despicit
856 390 921 428 illa
950 404 1078 429 canes.

466 487 603 526 XCIX
634 487 864 537 (XCVIII).
894 489 1058 525 Dorcas.

213 566 407 605 Delicium
438 580 557 616 parvo
586 567 755 606 donabis
785 568 957 605 dorcada
986 574 1105 605 nato:

263 631 413 670 iactatis
443 633 542 670 solet
572 633 674 670 hanc
704 631 856 670 mittere
886 632 999 670 turba
1029 631 1141 682 togis.

638 734 683 773 C.
719 735 882 782 Onager.

213 816 378 853 Pulcher
406 816 518 853 adest
547 827 714 864 onager:
754 814 855 852 mitti
884 815 1040 853 venatio
1069 816 1188 853 debet

263 879 392 918 dentis
424 879 648 929 Erythraei:
688 879 763 917 iam
795 888 992 918 removete
1022 881 1142 918 sinus.

517 985 585 1022 CI.
622 985 753 1022 Oleum
793 984 1012 1032 Venafrum.

214 1066 303 1102 Hoc
334 1064 403 1102 tibi
434 1064 627 1114 Campani
657 1065 810 1102 sudavit
839 1066 937 1103 baca
966 1065 1148 1103 Venafri:

265 1136 507 1179 unguentum
538 1129 721 1179 quotiens
751 1129 882 1177 sumis,
914 1137 952 1167 et
981 1129 1085 1167 istud
1115 1131 1203 1168 olet.

516 1234 606 1272 CII.
644 1234 796 1272 Garum
824 1234 1017 1271 sociorum.

215 1314 434 1364 Expirantis
463 1315 593 1352 adhuc
624 1314 794 1352 scombri
824 1317 873 1353 de
903 1315 1092 1364 sanguine
1122 1315 1248 1364 primo

265 1378 399 1428 accipe
428 1380 629 1425 fastosum,
661 1393 822 1417 munera
851 1393 952 1427 cara,
981 1393 1126 1429 garum.

498 1483 530 1520 C
537 1483 553 1519 I
560 1483 576 1519 Ι
584 1483 613 1519 Ι.
646 1483 847 1531 Amphora
877 1483 1034 1520 muriae.

214 1563 484 1613 Antipolitani,
516 1565 648 1611 fatcor,
681 1578 766 1602 sum
799 1564 876 1602 filia
906 1564 1071 1613 thynni:

267 1641 391 1666 essem
423 1628 452 1666 si
483 1628 664 1675 scombri,
697 1642 776 1666 non
808 1628 877 1667 tibi
907 1629 1025 1666 missa
1054 1630 1188 1667 sorem.

551 1732 658 1770 CIV.
690 1733 778 1768 Mel
802 1733 983 1769 Atticmn.

216 1815 306 1851 Hoc
336 1813 405 1850 tibi
435 1812 579 1851 Thesei
609 1812 828 1862 populatrix
857 1812 961 1850 misit
993 1812 1172 1861 Hymetti

268 1879 447 1916 Pallados
476 1891 499 1915 a
528 1877 630 1915 silvis
660 1877 793 1915 nobile
822 1885 954 1915 nectar
983 1876 1077 1926 apis.

258 1981 404 2011 XCVIII
437 1981 512 2013 hab.
542 1980 601 2011 TR
693 1990 704 2010 Ι
733 1990 854 2019 caprea
890 1978 987 2010 LEX
1087 1989 1106 2008 2
1131 1979 1275 2018 despicit
1307 1980 1445 2011 ΑΑΒΑτ
1483 1982 1539 2011 de·

216 2024 375 2097 Ηῗὲῒέξῖζ
399 2067 472 2097 lmb.
494 2066 544 2103 T,·
566 2078 595 2097 v.
614 2076 625 2095 1
645 2067 719 2096 hal).
741 2066 773 2095 R
819 2075 954 2096 DORCAS
969 2066 1027 2095 ΑΑ
1047 2077 1052 2095 2
1078 2075 1218 2096 Doncmz
1235 2065 1339 2096 ΒΑΕΔ
1435 2076 1445 2096 1
1475 2066 1539 2097 De<

214 2111 331 2142 lictum
347 2111 407 2140 ΑΑ
496 2111 598 2140 dorca
616 2111 740 2140 donato
760 2110 805 2140 CA
823 2109 915 2150 (cum
932 2109 980 2150 R)
1071 2120 1090 2138 2
1115 2109 1263 2149 iactatis]
1282 2109 1378 2140 lactis
1400 2109 1429 2139 T

258 2153 467 2228 {IlllzlchqulJ
519 2206 709 2227 VENAFRVM
736 2196 787 2226 vel
809 2205 920 2226 —ANVM
945 2195 1026 2225 AA:
1055 2205 1209 2225 VENAFm
1237 2195 1314 2226 BA:
1347 2205 1537 2225 VENAFRVM

212 2241 329 2280 (BEN-7
349 2241 397 2270 CA
490 2249 502 2269 1
522 2240 657 2271 sudabit
670 2240 723 2269 BA
739 2240 770 2277 (i.
783 2250 807 2269 c.
825 2239 920 2273 -vit?)
968 2248 1050 2268 uaca
1071 2239 1116 2269 CA
1135 2240 1168 2278 χῖ.
1181 2250 1203 2269 c.
1222 2239 1293 2277 ba-)
1380 2249 1399 2268 2
1424 2238 1495 2269 oles
1512 2238 1540 2268 G

259 2284 429 2357 gfflhzrgb
446 2283 491 2356 Y}
563 2294 575 2314 1
603 2284 644 2313 de
661 2294 724 2313 0111.
749 2282 779 2313 T
871 2293 977 2321 prono
1001 2282 1030 2312 T
1157 2293 1176 2312 2
1201 2292 1339 2312 munere
1357 2285 1393 2311 ut
1409 2281 1469 2313 vid.
1492 2281 1538 2312 CA

260 2370 337 2400 CIV
360 2369 432 2400 laab.
458 2369 488 2400 T
