1684 2763
217 149 273 186 M.
305 147 428 185 VAL.
461 146 776 185 MARTIALIS

216 271 398 310 quaeque
428 260 561 308 Tyron
593 258 737 297 totiens
767 266 976 308 epotavere
1004 258 1186 297 lacernae

271 332 309 363 et
339 331 429 374 toga
457 337 538 363 non
569 331 692 362 tactas
721 323 877 363 vincere
906 323 1011 362 iussa
1040 323 1160 369 nives,

217 389 328 428 cuius
358 391 437 428 olet
467 397 550 428 toto
580 388 735 439 pinguis
765 403 880 428 coma
912 388 1170 428 Marcelliano
1533 404 1550 435 ,ι

272 463 310 494 et
339 456 550 506 splendent
580 457 690 493 volso
720 454 905 493 bracchia
935 454 1023 493 trita
1053 454 1147 505 pilo,

219 534 298 560 non
330 522 511 560 hesterna
540 522 651 559 sedet
680 522 813 559 lunata
842 521 989 571 lingula
1018 522 1162 571 planta,

273 586 435 625 coccina
466 600 545 625 non
576 587 726 624 laesum
757 585 881 636 pingit
910 587 1015 624 aluta
1045 586 1201 636 pedem,

219 660 257 691 et
287 665 497 690 numerosa
527 651 655 690 linunt
685 653 906 689 stellantem
938 650 1089 701 splenia
1118 651 1298 689 frontem.

276 718 439 768 Ignoras
469 716 564 767 quid
587 716 665 754 sit?
694 715 845 766 splenia
875 717 982 756 tolle.
1012 717 1127 766 leges.
1517 729 1554 751 ro

724 805 840 841 XXX

223 878 363 914 Mutua
393 874 527 925 viginti
559 874 735 913 sestertia
766 875 864 913 forte
895 875 1094 925 rogabam,

274 955 376 992 quae
406 942 466 979 vel
496 939 662 979 donanti
693 953 772 979 non
804 954 918 989 grave
950 953 1093 978 munus
1123 946 1217 978 erat.

221 1006 369 1057 quippe
400 1006 608 1056 rogabatur
638 1005 808 1055 felixque
838 1014 1030 1055 vetusque
1060 1004 1205 1043 sodalis

275 1080 313 1110 et
343 1071 454 1110 cuius
484 1073 588 1109 laxas
618 1084 707 1109 arca
737 1072 904 1121 flagellat
935 1084 1044 1120 opes.

222 1138 252 1175 is
284 1137 378 1175 mihi
413 1137 556 1175 ‘Dives
586 1136 670 1182 eris,
704 1136 734 1174 si
765 1150 902 1174 causas
932 1135 1077 1185 egeris'
1108 1135 1244 1184 inquit.
1540 1151 1557 1181 5

277 1203 399 1252 Quod
430 1210 522 1252 peto
553 1203 614 1248 da,
648 1201 747 1239 Gai:
788 1215 867 1240 non
899 1209 993 1251 peto
1023 1200 1247 1239 consilium.

225 1368 352 1416 Saepe
383 1379 456 1416 ego
488 1365 738 1405 Chrestinam
770 1365 879 1403 futui.
943 1367 1019 1404 Det
1050 1379 1167 1415 quani
1201 1365 1301 1403 bene
1332 1363 1514 1415 quaeris?

279 1433 404 1482 Supra
437 1432 545 1481 quod
578 1430 658 1470 fieri
691 1431 755 1478 nil,
789 1431 978 1477 Mariane,
1012 1438 1152 1481 potest.

703 1525 865 1562 XXXII

229 1596 292 1634 Lis
323 1595 417 1633 mibi
449 1608 538 1633 cuni
574 1595 700 1633 Balbo
729 1603 799 1641 est,
832 1602 871 1633 tu
904 1596 1072 1633 Balbum
1104 1595 1304 1633 offendere
1335 1607 1414 1631 non
1444 1592 1512 1633 vis.

283 1660 468 1699 Pontice:
499 1674 589 1698 cum
614 1659 754 1698 Licino
775 1668 844 1706 est,
867 1660 931 1698 hic
953 1674 1113 1710 quoque
1135 1673 1298 1709 magnus
1320 1660 1441 1697 bomo
1462 1666 1532 1697 est.

226 1733 337 1764 vexat
368 1739 485 1775 saepe
517 1739 648 1763 meum
682 1726 870 1763 Patrobas
901 1725 1068 1763 confinis
1097 1726 1278 1775 agellum.

281 1798 419 1829 contra
450 1790 632 1829 libertum
665 1790 843 1829 Caesaris
874 1790 927 1828 ire
957 1789 1081 1828 times.

227 1857 397 1906 abnegat
427 1863 465 1894 et
495 1855 634 1894 retinet
665 1863 841 1893 nostrum
874 1855 1043 1894 Laronia
1071 1868 1238 1897 servum,
1543 1872 1559 1902 5

282 1921 498 1971 respondes
530 1920 663 1959 ‘Orba
693 1928 762 1967 est,
795 1919 914 1967 dives,
947 1933 1057 1966 anus,
1089 1919 1231 1958 viduas

230 1988 322 2026 Non
353 1987 466 2032 bene,
499 1987 615 2024 crede
647 1985 754 2032 mihi,
786 1999 897 2024 servo
927 1985 1090 2024 servitur
1118 1985 1273 2023 amico:

283 2051 331 2090 sit
360 2051 467 2096 liber,
500 2050 686 2090 dominus
716 2051 782 2101 qui
812 2052 917 2090 volet
947 2064 1031 2089 esse
1062 2064 1186 2089 meus.

275 2155 394 2186 XXIX
419 2166 438 2195 3
462 2157 619 2195 quotiens
637 2155 714 2186 BA:
738 2155 864 2186 totiens
883 2155 933 2186 CA
1079 2164 1098 2194 5
1123 2153 1331 2201 marcellino.
1342 2153 1380 2192 G,
1389 2154 1470 2193 soei.
1490 2158 1565 2185 recte

1325 2206 1351 2222 Η]

230 2233 282 2273 (qs.
297 2231 338 2264 L.
354 2232 495 2264 Mueller
508 2232 546 2263 de
562 2244 594 2264 re
610 2232 720 2265 melr.‘·'
732 2238 764 2273 p.
783 2232 860 2272 299}
878 2244 885 2263 ε
910 2231 1161 2263 marcelliniano
1175 2231 1206 2261 E
1220 2233 1295 2271 (pro
1311 2231 1403 2261 -iano
1415 2232 1441 2262 25
1543 2233 1564 2262 ὃ

230 2277 338 2316 pingit
356 2276 432 2307 BA:
457 2277 562 2315 cingit
583 2277 631 2308 CA
724 2287 762 2307 10
786 2277 840 2316 qui
857 2276 931 2306 Ital.
1005 2276 1099 2315 leges
1115 2275 1212 2316 (EAi
1232 2274 1282 2305 vel
1294 2274 1388 2313 legas
1402 2273 1501 2314 (XV)
1515 2274 1566 2305 CA

275 2320 377 2350 XXX
401 2320 474 2351 hab.
495 2320 524 2349 T
662 2331 681 2359 3
705 2319 853 2359 felixque
871 2319 981 2350 AACA
999 2331 1006 2350 t
1031 2319 1186 2358 fidusque
1204 2317 1260 2347 ΒΑ
1350 2328 1518 2357 uerusque
1541 2318 1569 2349 T

274 2363 397 2394 XXXI
422 2363 495 2394 hab.
515 2363 546 2393 R
652 2374 666 2394 1
693 2364 788 2403 tetigi
805 2363 865 2393 ΑΛ
880 2368 955 2404 (pro
970 2362 1073 2403 futui)
1133 2363 1193 2392 sed
1211 2361 1244 2391 R
1261 2361 1453 2401 (etsoriasse
1465 2361 1537 2391 Am
1560 2374 1566 2391 :

229 2406 287 2438 det
305 2406 412 2437 ΒΑΕΑ
526 2407 664 2436 XXXII
689 2407 761 2438 hab.
787 2406 833 2445 T;
859 2417 889 2438 v.
912 2417 923 2437 1
943 2407 1015 2437 hab.
1030 2409 1105 2447 post
1123 2405 1172 2436 111
1191 2405 1222 2435 xi
1241 2405 1274 2434 R
1340 2414 1359 2444 3
1385 2404 1562 2445 Patrobas]

232 2456 347 2490 protas
372 2449 427 2479 ΒΑ
452 2450 541 2489 (pro-
562 2455 625 2490 pro
646 2456 733 2490 pr6-‚
759 2450 779 2481 ι’.
794 2461 819 2482 e.
845 2451 970 2491 patro-)
1095 2459 1114 2488 5
1139 2449 1268 2479 laronia
1284 2447 1420 2480 AACA:
1444 2448 1566 2479 letoria

233 2495 344 2536 (laet-¹.
363 2494 463 2534 lect-)
482 2493 536 2523 ΒΑ
