1684 2763
198 162 253 197 M.
285 162 407 199 VAL.
441 163 754 202 MARTIALIS

303 285 383 310 non
414 273 566 311 Phoebi
596 275 696 312 vada
725 274 1000 325 principesque
1032 276 1160 315 Baiae.

303 351 497 386 nusquam
528 346 605 376 tarn
637 339 806 377 nitidum
835 349 946 378 vacat
976 355 1184 380 serenum:

304 404 367 440 lux
397 403 481 452 ipsa
510 412 567 441 est
597 404 650 441 ibi
682 404 844 455 longior,
876 406 1040 456 diesque

302 469 409 505 nullo
439 469 585 507 tardius
613 483 635 507 a
665 471 753 508 loco
783 471 940 509 recedit.
1486 489 1525 510 10

301 531 379 570 illic
409 533 569 582 Taygeti
600 533 723 572 virent
754 537 910 573 metalla

302 606 339 635 et
369 606 518 636 certant
548 598 653 636 vario
683 600 825 637 decore
855 614 955 647 saxa,
1043 642 1046 645 ⁴

301 676 402 711 quae
433 664 559 712 Phryx
589 672 625 701 et
658 663 776 712 Libys
806 664 920 702 altius
951 665 1104 703 cecidit.

300 726 425 765 siccos
455 727 608 777 pinguis
637 742 738 777 onyx
767 730 924 767 anhelat
953 740 1083 768 aestus

301 799 338 829 et
368 793 525 830 flamma
555 793 661 830 tenui
691 795 819 832 calent
849 794 1030 843 ophitae:
1485 811 1520 842 ¹5

300 856 393 894 ritus
423 857 452 894 si
484 859 663 907 placeant
693 858 762 896 tibi
793 861 1009 906 Laconum,

299 930 508 959 contentus
537 931 649 972 potes
678 923 788 961 arido
817 937 960 973 vapore

300 988 419 1024 cruda
449 987 608 1037 Virgine
641 988 839 1027 Marciave
870 989 1017 1040 mergi3

300 1065 400 1100 quae
430 1060 507 1089 tam
539 1053 717 1099 candida,
751 1062 829 1090 tarn
861 1068 997 1092 serena
1027 1056 1129 1093 lucet

300 1124 340 1153 ut
371 1118 497 1154 nullas
528 1117 580 1155 ibi
612 1118 819 1167 suspiceris
849 1120 974 1157 undas
1482 1137 1522 1159 20

299 1190 335 1218 et
366 1183 501 1219 credas
531 1196 694 1220 vacuam
726 1182 846 1221 nitere
877 1185 1032 1233 lygdon.

300 1247 390 1283 Non
421 1247 603 1284 adtendis
633 1256 669 1285 et
699 1261 791 1285 aure
822 1261 883 1286 rne
913 1248 1052 1298 supina

298 1310 374 1348 iam
405 1312 556 1349 dudum
588 1312 698 1361 quasi
729 1314 978 1362 neglegenter
1006 1313 1129 1351 audis.

299 1375 443 1413 inlotus
474 1376 658 1423 morieris,
691 1377 884 1426 Oppiane.

196 1523 298 1558 l)um
330 1521 397 1559 tibi
430 1522 561 1560 felices
592 1522 807 1572 indulgent,
840 1524 1026 1570 Castrice,
1062 1523 1179 1562 Baiae

243 1600 419 1636 canaque
448 1587 667 1636 sulphureis
697 1590 869 1637 nympha
900 1597 1053 1626 natatur
1081 1589 1203 1639 aquis,

191 1665 252 1688 me
284 1651 524 1689 Nomentani
555 1653 789 1690 confirmant
819 1653 897 1690 otia
927 1653 1022 1691 ruris

243 1725 280 1753 et
310 1729 398 1753 casa
428 1716 623 1766 iugeribus
654 1731 733 1755 non
765 1731 930 1756 onerosa
960 1718 1049 1756 suis.

190 1782 265 1818 hoe
296 1781 391 1817 mihi
439 1781 558 1818 laiani
589 1783 690 1819 soles
726 1782 933 1831 mollisque
965 1783 1167 1829 Lucrinus,
1499 1800 1516 1830 5

244 1846 319 1883 hoc
349 1852 498 1882 vestrae
529 1845 622 1882 mihi
653 1854 753 1891 sunt,
787 1846 972 1892 Casfflce,
1005 1846 1172 1884 divitiae.

191 1911 404 1957 Quondam
436 1911 612 1948 laudatas
642 1924 894 1960 quocumque
925 1911 1071 1948 libebat
1100 1912 1151 1948 ad
1182 1911 1308 1948 undas

242 1989 393 2012 currere
423 1989 495 2012 nec
525 1977 659 2025 longas
689 1975 934 2024 pertimuisse
964 1975 1053 2021 vias,

189 2053 295 2077 nunc
324 2039 429 2077 urbis
459 2039 585 2077 vicina
616 2040 749 2077 iuvant
779 2040 990 2090 facilesque
1020 2054 1205 2087 receSSUS‚

242 2112 279 2141 et
309 2104 400 2142 satis
430 2113 487 2142 est
517 2104 625 2154 pigro
656 2105 685 2142 si
716 2105 805 2143 licet
836 2119 920 2143 esse
951 2105 1056 2143 mihi.
1479 2122 1516 2143 ιο

233 2196 328 2225 XLII
352 2206 368 2234 7
390 2195 596 2235 principique
613 2197 660 2226 CA
721 2197 741 2226 8
766 2197 865 2226 micat
881 2196 955 2226 BA:
980 2201 1076 2227 uacat
1091 2196 1138 2227 CA
1206 2207 1239 2226 11
1263 2196 1378 2235 uigent
1401 2196 1517 2226 Lanle

189 2250 268 2269 corr.
350 2251 385 2277 14
406 2243 480 2278 post
495 2251 522 2269 v.
540 2250 577 2269 10
594 2243 714 2278 transf).
734 2240 781 2269 CA
801 2240 948 2279 (propter
961 2239 1164 2279 lwmocotel.)
1252 2249 1286 2277 17
1305 2244 1462 2270 contetus
1480 2244 1517 2270 ul

191 2282 244 2311 vid
266 2282 313 2312 CA
329 2282 428 2320 (nude
439 2288 619 2313 contentus
631 2283 707 2316 EA,
720 2288 895 2313 contectus
908 2282 982 2320 XB,
998 2288 1179 2322 eonteptus
1194 2282 1238 2321 C)
1332 2283 1369 2311 18
1387 2293 1427 2313 ue
1438 2283 1491 2312 BA
1508 2295 1515 2313 z

188 2337 252 2363 qne
268 2326 314 2355 CA
460 2326 573 2355 XLIII
592 2326 664 2356 lmb.
685 2326 713 2355 T
757 2336 768 2355 1
789 2337 825 2356 se
843 2327 909 2356 ind.
925 2325 1051 2356 Mum‘o
1119 2337 1137 2356 2
1154 2327 1243 2356 unda
1261 2326 1337 2357 AA:
1364 2326 1515 2365 nympha

189 2369 310 2399 BACA:
328 2370 450 2408 limpha
463 2369 498 2398 N
571 2381 589 2407 4
606 2380 751 2399 onerosa
763 2369 891 2399 AACA:
909 2370 1038 2399 honera
1059 2370 1145 2409 tow)
1163 2369 1217 2399 BA
1236 2370 1416 2401 thonerata
1434 2368 1461 2398 L
1478 2380 1517 2399 ex

187 2423 265 2442 corr.
287 2411 329 2450 Q)
458 2422 476 2449 5
495 2413 714 2451 mohlesque
734 2412 781 2442 CA
802 2418 879 2452 <pro
897 2413 1086 2452 mollisque)
1220 2414 1240 2441 6
1258 2414 1369 2443 h.m.s.
1385 2423 1414 2443 u.
1434 2412 1512 2442 ΑΑε

189 2457 219 2485 h.
239 2460 372 2485 uestrae
395 2456 525 2494 (uestae
544 2456 605 2493 CA}
626 2457 703 2485 mihi
723 2461 802 2486 sunt
819 2456 925 2486 BACA
1051 2466 1067 2494 7
1091 2456 1235 2495 quodam
1252 2455 1308 2485 BA
1425 2456 1445 2484 8
1470 2465 1513 2485 ne

190 2498 294 2528 “lv''d·
309 2498 363 2527 ΒΑ
451 2510 471 2537 9
488 2500 580 2528 urbis
591 2499 724 2528 ΑΑΒᾹτ
744 2499 814 2528 urbi
834 2499 881 2529 CA
929 2498 1144 2537 regressusL
1157 2502 1231 2529 ante
1240 2510 1316 2530 corr.
1405 2509 1443 2528 10
1467 2498 1512 2539 si]

189 2547 221 2572 et
244 2542 272 2571 T
286 2543 360 2581 (qui
371 2552 484 2572 versus
500 2543 590 2572 inilio
605 2552 623 2572 e
635 2547 696 2582 pro
713 2549 746 2573 et
763 2543 897 2582 arlu'bel)
