1684 2763
205 166 260 202 M.
295 165 417 200 VAL.
454 161 764 199 MARTIALIS

702 270 823 308 XXII

204 337 342 377 Credis
372 337 424 375 ob
454 338 550 374 haec
581 349 653 382 me,
687 337 837 382 Pastor,
867 346 961 384 opes
991 334 1152 372 fortasse
1183 346 1315 382 rogare

257 410 414 452 propter
444 415 544 451 quae
574 401 743 451 populus
774 412 982 449 crassaque
1012 398 1125 436 turba
1155 406 1272 448 rogat,

206 476 246 505 ut
277 467 409 506 Setina
440 480 547 504 meos
579 472 785 503 consumat
814 464 928 514 gleba
957 463 1106 513 ligones

259 540 297 570 et
326 539 439 570 sonet
469 530 673 568 innumera
702 530 896 579 compede
925 530 1079 566 Tuscus
1108 541 1225 578 ager3

206 605 247 635 ut
279 596 407 634 Mauri
439 595 595 644 Libycis
625 602 783 632 centum
814 600 917 631 stent
947 592 1132 631 dentibus
1163 593 1276 630 orbes
1515 608 1531 640 5

260 668 297 699 et
327 668 457 709 crepet
488 659 526 696 in
558 657 697 696 nostris
727 670 843 695 aurea
872 658 1004 694 lamna
1033 656 1139 702 toris,

208 739 280 764 nec
310 724 426 763 labrIS
456 723 528 761 nisi
560 736 700 772 magna
730 721 827 760 meis
857 722 1034 770 crystalla
1064 728 1235 759 terantur

262 798 298 829 et
329 789 471 827 faciant
502 788 629 837 nigras
660 794 790 825 nostra
822 787 985 824 Falerna
1014 786 1122 825 nives
1138 801 1147 833 3

209 864 248 893 ut
279 854 530 893 canusinatus
561 861 694 890 nostro
725 853 843 890 Surus
872 864 1000 890 assere
1029 852 1143 889 sudet

246 928 300 975 *et
331 933 417 957 mea
447 918 493 956 sit
523 919 629 955 culto
659 918 752 955 sella
781 916 922 954 cliente
952 917 1161 965 frequens3
1500 931 1537 951 10

209 992 359 1023 aestuet
390 991 430 1021 ut
460 991 594 1021 nostro
625 981 806 1020 madidus
837 980 1001 1019 conviva
1031 980 1218 1026 ministro,

264 1063 382 1099 quem
414 1055 677 1098 permutatum
708 1060 781 1084 nec
812 1047 1044 1095 Ganymede
1073 1045 1195 1091 veli53

212 1123 253 1153 ut
283 1115 473 1152 lutulenta
504 1112 597 1149 linat
628 1111 764 1160 Tyrias
795 1110 891 1148 mihi
920 1112 1026 1148 mula
1056 1112 1229 1148 lacernas

266 1186 303 1217 et
334 1179 505 1226 Massyla
535 1189 667 1214 meum
697 1175 800 1225 virga
828 1175 1018 1224 gubernet
1048 1187 1204 1224 equum.

216 1247 283 1282 Est
315 1243 409 1281 1111111
440 1256 485 1280 ex
515 1241 621 1279 istis:
662 1253 822 1290 superos
852 1253 896 1278 ac
926 1240 1053 1278 sidera
1083 1246 1212 1277 testor.
1502 1253 1538 1283 ¹5

270 1311 371 1358 Ergo
402 1307 528 1358 quid?
585 1308 636 1343 Vt
666 1307 825 1351 donem,
858 1306 1006 1351 Pastor,
1038 1311 1075 1342 et
1104 1303 1321 1342 aedificem.

698 1377 843 1413 XXIII

216 1446 252 1483 O
283 1444 344 1482 6111
374 1443 546 1492 virgineo
577 1443 784 1479 flavescere
814 1439 977 1489 contigit
1005 1453 1112 1485 auro,

269 1509 333 1547 dic
364 1508 431 1546 11111
461 1506 678 1545 Palladium
710 1506 757 1544 sit
788 1505 870 1551 tibi,
902 1506 1013 1551 Care,
1044 1505 1176 1543 decus.

219 1573 398 1623 ‘Aspicis
428 1586 476 1610 en
507 1571 658 1610 domini
687 1572 878 1620 fulgentes
909 1582 1100 1607 marmore
1129 1570 1288 1606 vultus?

272 1637 375 1676 venit
406 1639 456 1675 ad
486 1638 554 1674 has
586 1637 685 1674 ultro
716 1642 846 1673 nostra
876 1647 1022 1672 corona
1051 1634 1208 1671 comas.'

220 1703 396 1740 Albanae
426 1701 542 1739 livere
571 1708 700 1749 potest
730 1700 793 1750 pia
823 1712 990 1749 quercus
1020 1697 1156 1743 olivae,
1526 1712 1542 1741 5

273 1767 433 1805 cinxerit
464 1766 651 1803 invictum
682 1765 790 1814 quod
820 1764 923 1813 prior
953 1763 1018 1801 illa
1047 1770 1174 1812 caput.

711 1836 851 1872 XXIV

223 1902 322 1950 Quis
352 1901 550 1938 Palatinos
580 1900 751 1937 imitatus
781 1898 949 1948 imagine
978 1898 1106 1935 vultus

277 1966 509 2005 Phidiacum
542 1964 654 2003 Latio
684 1977 876 2002 marmore
906 1962 997 2001 vicit
1027 1962 1152 2000 ebur?

224 2034 320 2070 haec
351 2030 486 2068 mundi
516 2029 644 2075 facies,
677 2030 773 2067 haec
803 2035 893 2066 sunt
924 2027 1028 2065 Iovis
1058 2039 1125 2065 ora
1154 2025 1303 2064 sereni;

278 2096 332 2134 sic
362 2103 471 2133 tonat
501 2094 563 2132 ille
593 2095 690 2132 deus
720 2106 810 2131 cum
840 2091 923 2130 sine
953 2091 1059 2130 nube
1088 2097 1207 2128 tonat.

269 2182 369 2212 XXII
400 2192 411 2210 1
440 2192 559 2220 rogare
577 2192 641 2211 ont.
660 2180 715 2210 BA
815 2189 834 2209 2
857 2178 1003 2218 populus
1020 2176 1073 2208 ΒΑ
1090 2188 1096 2206 :
1121 2176 1242 2215 uulgus
1261 2175 1311 2206 CA
1443 2184 1462 2212 3
1485 2184 1545 2204 vos

228 2232 260 2256 et
274 2226 328 2255 ina
341 2225 398 2258 CA,
415 2225 499 2254 unde
514 2236 578 2263 quo
594 2224 713 2254 Setina
725 2222 922 2262 Oudendorp
1009 2230 1027 2259 5
1044 2220 1126 2250 mari
1140 2219 1189 2250 CA
1278 2229 1293 2257 7
1313 2217 1393 2258 nisi]
1407 2217 1482 2248 misi
1497 2216 1546 2248 CA

226 2280 246 2308 9
264 2268 500 2299 canusianatus
515 2267 564 2297 CA
623 2277 660 2297 10
679 2266 767 2297 cultu
781 2269 817 2295 ut
831 2265 892 2295 vid.
906 2263 960 2294 ΒΑ
1021 2274 1056 2301 14
1076 2263 1119 2293 M.
1135 2262 1263 2301 meum]
1279 2261 1481 2300 massyleum
1493 2260 1547 2290 BA

230 2315 306 2352 (pro
317 2311 452 2348 dacum,
463 2312 482 2340 i.
489 2321 512 2340 c.
527 2310 572 2340 -la
584 2318 709 2343 meum)
757 2319 853 2339 ecum
866 2307 912 2338 CA
985 2316 1022 2345 15
1042 2307 1083 2336 Et
1095 2306 1142 2336 CA
1187 2306 1367 2344 sideraque
1379 2308 1412 2334 et
1423 2313 1546 2343 supera

228 2354 282 2385 ΒΑ
300 2356 376 2395 (pro
392 2363 600 2392 superosque
622 2359 653 2382 et
676 2352 786 2382 sidera
800 2352 824 2389 2)
843 2363 849 2381 :
872 2360 1015 2390 superos
1038 2350 1079 2380 ad
1100 2349 1212 2379 sidera
1230 2348 1280 2378 CA
1305 2350 1387 2387 (pro
1402 2357 1428 2379 5.
1445 2351 1480 2377 at
1495 2356 1521 2377 5.
1540 2359 1546 2383 ;

228 2403 312 2438 tpro
328 2398 359 2435 c)
581 2395 698 2426 XXIII
722 2405 797 2425 cum
815 2394 917 2424 XXII
935 2393 1025 2431 confl.
1043 2392 1099 2423 ΒΑ
1187 2402 1206 2431 5
1231 2391 1334 2422 libere
1351 2390 1437 2431 (-ae)
1457 2388 1545 2420 codd.

232 2443 295 2483 (ιζε.
312 2441 380 2481 liv-s
498 2439 614 2470 XXIV
638 2449 712 2469 cum
726 2437 848 2469 XXIII
862 2436 954 2476 confl.
971 2435 1019 2467 CA
1093 2445 1106 2466 1
1126 2435 1274 2466 imitatur
1284 2433 1339 2465 BA
1354 2435 1411 2475 (ur
1422 2438 1481 2474 pro
1492 2433 1544 2472 us)
