1684 2763
172 129 227 165 M.
260 128 382 165 VAL.
415 128 728 166 MARTIALIS

278 248 345 279 aut
374 239 465 277 facti
494 240 616 277 modo
645 238 775 277 divitis
806 237 1013 277 Molorchi.
1456 257 1497 287 30

279 306 362 343 Vos
391 317 497 342 nunc
526 303 659 342 omnia
687 316 805 353 parva
833 302 901 352 qui
929 303 1085 353 putatis,

279 377 447 408 centeno
475 368 649 419 gelidum
678 367 809 417 ligone
837 367 962 406 Tibur

281 436 339 473 vel
370 436 580 472 Praeneste
608 434 768 471 domate
797 434 1092 483 pendulamque

282 498 348 537 uni
377 498 511 537 dedite
541 497 686 536 Setiam
717 499 872 544 colono,

281 566 376 602 dum
406 577 470 602 me
498 562 628 601 iudice
656 564 921 612 praeferantur
949 561 1031 600 istis
1460 578 1497 609 35

282 628 357 667 Iuli
387 628 518 678 iugera
547 641 673 677 pauca
703 626 905 664 Martialis.

675 701 787 737 LXV
810 738 811 741 ,

174 774 303 811 Oculo
334 770 531 809 Philaenis
561 784 716 820 semper
743 771 867 808 altero
896 771 1030 820 plorat.

174 850 253 886 quo
283 838 349 874 fiat
378 836 482 874 istud
512 834 696 885 quaeritis
726 835 878 873 modo?
916 836 1024 873 lusca
1053 842 1122 873 est.

657 912 790 948 LXVI

176 982 298 1032 Egisti
327 982 445 1019 vitam
476 995 639 1031 semper,
672 981 781 1027 Line,
814 980 1104 1030 municipalem,

228 1060 305 1096 qua
335 1045 430 1083 nihil
460 1045 624 1084 omnino
652 1045 765 1083 vilius
795 1059 881 1083 esse
909 1053 1051 1094 potest.

177 1111 315 1149 Idibus
345 1119 382 1149 et
412 1110 504 1148 raris
533 1111 665 1160 togula
694 1118 751 1148 est
781 1123 945 1148 excussa
975 1109 1166 1148 Kalendis

229 1174 338 1213 duxit
367 1183 405 1213 et
433 1182 600 1213 aestates
629 1174 822 1224 synthesis
852 1188 930 1212 una
959 1175 1108 1213 decem.

176 1242 295 1278 saltus
324 1253 473 1289 aprum,
505 1253 668 1289 campus
698 1241 870 1289 leporem
901 1238 971 1277 tibi
1001 1238 1105 1276 misit
1135 1238 1366 1288 inemptum,

230 1305 324 1342 silva
352 1304 477 1354 gravis
507 1306 642 1342 turdos
672 1304 864 1353 exagitata
893 1303 1013 1342 dedit.

177 1377 313 1419 captus
342 1368 530 1407 flumineo
560 1368 665 1407 venit
695 1370 744 1407 de
773 1368 922 1418 gurgite
951 1368 1080 1418 piscis,

231 1434 320 1472 vina
350 1435 465 1472 ruber
493 1434 593 1472 fudit
623 1447 703 1472 non
733 1433 935 1484 peregrina
964 1434 1096 1472 cadus.

177 1512 250 1537 nec
281 1508 389 1537 tener
417 1499 600 1549 Argolica
629 1498 770 1536 missus
800 1500 850 1537 de
878 1506 995 1548 gente
1024 1498 1208 1544 minister,

232 1565 301 1602 sed
331 1564 436 1602 stetit
466 1563 602 1602 inculti
632 1563 774 1602 rustica
804 1564 917 1602 turba
946 1563 1033 1601 foci.
1464 1578 1502 1600 10

179 1628 291 1666 vilica
319 1630 379 1666 vel
409 1629 495 1666 duri
527 1642 737 1678 conpressa
766 1636 823 1666 est
853 1636 975 1678 nupta
1004 1627 1145 1674 coloni,

233 1693 393 1731 incaluit
424 1693 606 1742 quotiens
636 1692 767 1731 saucia
796 1706 896 1731 vena
925 1706 1043 1730 mero.

180 1772 252 1796 nec
283 1757 418 1795 nocuit
447 1757 559 1795 tectis
589 1757 687 1806 ignis
717 1770 790 1795 nec
820 1757 940 1795 Sirius
968 1757 1079 1807 agris,

233 1836 306 1860 nec
337 1836 463 1860 mersa
492 1830 551 1859 est
579 1823 720 1871 pelago
749 1835 822 1859 nec
851 1821 922 1859 fuit
952 1823 1031 1859 ulla
1059 1820 1160 1858 ratis.

181 1886 383 1936 subposita
412 1894 469 1924 est
498 1887 646 1924 blando
675 1899 891 1935 numquam
922 1885 991 1923 tibi
1021 1893 1166 1923 tessera
1194 1886 1284 1930 talo,
1464 1901 1500 1930 15

233 1953 317 1989 alea
347 1952 415 1989 sed
445 1965 584 2000 parcae
613 1952 696 1989 sola
724 1952 831 1989 fuere
860 1964 991 1989 nuces.

223 2042 265 2070 30
288 2031 407 2062 saetam
427 2031 474 2062 CA
561 2042 599 2071 31
626 2032 681 2071 qui
695 2031 768 2061 Ital.
785 2045 790 2062 ;
815 2041 902 2070 quae
922 2030 1018 2071 (que-⁸)
1034 2030 1123 2061 codd.
1210 2040 1253 2068 32
1277 2034 1436 2060 contento
1450 2029 1502 2059 BA

183 2080 218 2105 nt
234 2075 315 2106 viat:
342 2081 487 2105 centeno
506 2075 554 2105 CA
672 2085 712 2114 33
738 2075 960 2114 pendulamus
983 2074 1037 2104 BA
1061 2077 1139 2113 (pro
1153 2074 1276 2112 -mve3)
1406 2083 1447 2111 34
1472 2073 1501 2102 d.

183 2118 308 2150 §etad
326 2129 354 2148 (l.
379 2128 462 2158 1473
478 2130 484 2149 :
502 2119 624 2149 deditis
641 2119 750 2148 ediam
763 2118 839 2148 BA:
863 2119 975 2148 dedite
988 2118 1048 2148 sed
1061 2123 1174 2147 tamen
1188 2117 1235 2147 CA
1410 2115 1504 2146 LXV

183 2172 201 2190 ε
218 2162 309 2200 quod
325 2162 371 2192 CA
564 2162 671 2192 LXVI
696 2173 745 2192 vv.
771 2172 844 2198 1-2,
861 2171 955 2200 5—12.
979 2163 1082 2199 15-18
1105 2160 1177 2190 hab.
1203 2160 1232 2190 T
1358 2169 1377 2189 2
1403 2159 1502 2189 uilius

180 2205 296 2234 AABA
315 2216 321 2234 :
345 2204 475 2235 dulcius
493 2204 539 2235 CA
691 2215 710 2243 3
734 2204 870 2243 togulae
890 2205 916 2234 si
937 2204 985 2234 CA*
1003 2204 1107 2243 <ipro
1122 2203 1163 2243 T)
1268 2212 1411 2232 excussa
1426 2202 1480 2232 BA
1497 2215 1504 2232 :

181 2248 240 2278 tibi
255 2254 386 2286 sumpta
406 2248 452 2277 CA
585 2258 603 2286 5
629 2249 782 2287 ineptum
806 2247 919 2277 ΑΑΒΑ
950 2257 1038 2287 geum
1066 2247 1110 2285 E)
1244 2256 1261 2284 7
1286 2251 1406 2284 captus
1421 2245 1503 2275 AA:

183 2297 298 2354 raAptus
323 2291 437 2339 BACA.
563 2292 582 2321 8
597 2292 707 2355 ‘ruber'
724 2291 865 2354 AACAEA
887 2291 1011 2354 rssibens
1026 2290 1080 2320 BA
1168 2288 1276 2319 fundit
1291 2288 1329 2353 AT
1342 2334 1365 2353 Α
1412 2289 1504 2319 cadis

181 2334 235 2407 {A
255 2377 304 2415 (tgf.
327 2388 356 2409 v.
377 2336 787 2417 191³)1ussuslgiseriiilssgl}
811 2334 843 2365 Β
871 2334 937 2415 C14
961 2376 1033 2406 fluit
1049 2342 1126 2406 1322:
1146 2332 1286 2407 [fltciiiaCffl
1318 2332 1503 2406 Cullatigsszi

182 2421 236 2450 illa
255 2420 301 2451 CA
437 2430 474 2460 15
499 2427 627 2452 tessara
644 2420 775 2460 L,s01-l.
796 2425 869 2452 recle
971 2419 1039 2451 talu
1058 2419 1106 2450 CA
