1684 2763
214 157 268 193 M.
300 156 422 194 VAL.
456 156 770 194 MARTIALIS

679 278 855 314 LXXIX

214 361 373 409 Hospes
403 372 487 397 eras
516 357 638 397 nostri
668 372 832 408 semper,
865 360 1019 406 Matho,
1050 359 1259 398 Tiburtini.

266 426 342 462 hoc
371 423 479 461 emis.
539 423 731 473 Inposui:
769 437 834 462 rus
863 423 934 462 tibi
962 425 1094 463 vendo
1124 433 1246 463 tuum.

696 530 847 566 LXXX

214 612 422 649 Declamas
453 610 491 648 in
522 611 639 656 febre,
672 611 839 648 Maron:
871 611 975 648 hanc
1004 624 1088 648 esse
1118 610 1329 660 phrenesin

266 675 295 712 si
326 674 463 722 nescis,
496 688 575 713 non
607 688 648 713 es
677 688 807 721 sanus,
837 674 964 713 amice
995 677 1150 714 Maron.

212 742 410 778 declamas
438 753 563 790 aeger,
595 741 793 778 declamas
822 740 1113 778 hemitritaeos:

266 805 295 842 si
326 805 467 843 sudare
495 804 606 843 aliter
635 818 715 843 non
745 813 869 855 poteS‚
899 813 957 843 est
986 805 1095 843 ratio.

214 871 382 919 ‘Magna
413 878 544 908 tamen
575 883 635 908 res
664 872 747 908 est.'
804 871 919 908 Erras
933 885 944 918 3
983 884 1074 909 cum
1103 870 1251 909 viscera
1281 870 1400 909 febris
1523 887 1539 917 5

266 934 398 981 exurit,
431 948 491 973 res
521 943 579 973 est
610 947 751 984 magna
779 942 919 982 tacere,
953 936 1107 973 Maron.

678 1045 851 1082 LXXXI

212 1126 465 1176 'Epigramma
494 1134 672 1165 nostrum
702 1140 792 1164 cum
824 1126 988 1164 Fabulla
1016 1126 1173 1177 legisset

213 1204 354 1240 negare
383 1192 530 1228 nullam
561 1204 642 1240 quo
671 1204 813 1240 queror
841 1192 1071 1241 puellarum,

213 1258 333 1295 semel
363 1265 496 1306 rogata
525 1256 665 1306 bisque
695 1264 831 1306 terque
860 1256 1029 1306 neglexit

211 1336 346 1371 preces
374 1321 553 1360 amantis.
615 1323 713 1368 Iam,
746 1322 921 1368 Fabulla,
953 1322 1163 1371 promitte:

212 1401 352 1437 negare
382 1387 486 1434 iussi,
518 1401 729 1437 pernegare
762 1401 842 1426 non
873 1387 977 1425 iussi.
1523 1403 1540 1434 5

668 1493 866 1530 LXXXII

215 1577 301 1613 Hos
330 1588 490 1624 quoque
520 1575 758 1612 commenda
787 1574 993 1620 Venuleio,
1027 1574 1141 1619 Rufe,
1173 1573 1327 1612 libellos

266 1641 416 1689 inputet
446 1648 483 1677 et
514 1639 629 1677 nobis
659 1639 739 1677 otia
767 1653 885 1689 parva
914 1652 1018 1688 roga,

212 1707 418 1743 immemor
447 1713 484 1742 et
514 1706 675 1753 paulum
705 1718 884 1742 curarum
915 1717 1161 1754 operumque
1190 1716 1350 1741 suorum

265 1783 344 1807 non
375 1769 510 1807 tetrica
539 1782 662 1817 nugas
692 1769 817 1818 exigat
845 1782 939 1807 aure
968 1782 1087 1807 meas.

211 1836 279 1873 sed
300 1848 374 1872 nec
394 1842 482 1884 post
503 1833 672 1883 primum
694 1835 794 1883 legat
815 1835 913 1871 haec
933 1846 1182 1871 summumve
1203 1832 1395 1879 trientem,
1521 1850 1538 1881 5

266 1900 334 1937 sed
364 1912 434 1937 sua
463 1912 553 1937 cum
584 1897 737 1936 medius
766 1898 914 1948 proelia
944 1899 1125 1936 Bacchus
1153 1906 1270 1935 amat.

213 1965 241 2002 si
272 1963 388 2002 nimis
418 1972 475 2002 est
505 1963 644 2013 legisse
673 1965 785 2010 duos,
817 1963 887 2001 tibi
917 1965 1051 2001 charta
1080 1962 1244 2013 plicetur

265 2031 407 2067 altera:
447 2028 615 2066 divisum
646 2028 701 2066 sic
731 2029 848 2067 breve
878 2029 944 2067 fiet
972 2042 1083 2078 opus.

259 2132 405 2161 LXXIX
430 2142 449 2161 2
474 2141 528 2162 rus
544 2132 620 2162 BA:
645 2132 697 2161 ius
714 2131 758 2161 C··x

256 2175 388 2205 LXXX
411 2175 483 2205 lml).
517 2174 546 2204 T
620 2175 706 2205 Cum
726 2174 874 2205 LXXIX
890 2174 984 2212 confl.
1005 2173 1111 2204 BACA
1132 2174 1273 2213 (propter
1285 2174 1537 2204 sim1'lilml1'nem

214 2219 392 2248 munitium
414 2219 530 2248 Matho
549 2222 578 2248 et
598 2219 731 2248 Maron*
815 2229 877 2257 3—4
895 2222 971 2248 ante
996 2228 1044 2248 vv.
1069 2227 1130 2246 1—2
1147 2217 1343 2247 Boclzmmm
1440 2230 1458 2256 4
1484 2228 1536 2248 su-

216 2264 312 2292 dares
330 2262 381 2291 BA
513 2271 533 2300 5
558 2273 594 2292 es
612 2268 699 2292 terra
719 2262 764 2291 CA

257 2305 404 2335 LXXXI
431 2315 449 2333 2
473 2315 539 2343 quo
555 2305 631 2345 qm]
651 2315 841 2344 conqueror
859 2305 905 2335 CA
1062 2314 1082 2341 4
1104 2303 1290 2333 amantium
1308 2303 1329 2334 s.
1350 2303 1473 2345 <LPQ)
1492 2306 1541 2334 vel

213 2354 401 2379 amantuam
420 2348 439 2378 s.
462 2348 519 2387 [sl¹
539 2348 595 2378 BA
613 2355 696 2388 (pro
711 2349 835 2379 amanti
854 2348 918 2378 iam
936 2347 973 2388 s.)

258 2391 422 2422 LXXXII
453 2402 464 2421 1
493 2392 628 2422 uenulei
654 2393 708 2422 BA
736 2393 795 2433 g-le
820 2392 886 2430 Ps)
1017 2400 1037 2428 4
1070 2389 1208 2420 tetricas
1232 2389 1306 2421 BA:
1341 2390 1462 2430 tetriga
1490 2390 1536 2421 CA

214 2435 328 2475 exigat
344 2440 405 2476 ’ψεῖ
418 2434 466 2476 Ρ)
485 2445 515 2466 a.
536 2445 609 2465 mea
627 2436 680 2465 ΒΑ
812 2437 832 2466 8
856 2444 943 2474 opus
959 2433 1013 2464 BA
1029 2444 1037 2464 z
1061 2443 1148 2463 onus
1166 2433 1213 2463 CA
