1684 2763
784 127 1251 167 EPIGRAMMATON
1284 129 1387 166 LIB.
1418 130 1454 166 X

126 237 232 288 quid,
264 250 368 286 rogo,
401 235 497 286 quid
526 237 673 274 factum
703 238 793 275 est?
822 237 940 275 subiti
967 250 1068 287 quae
1095 251 1213 276 causa
1238 238 1413 277 doloris?

180 302 248 341 Nil
278 301 374 339 mihi
405 302 655 352 respondes?
712 301 855 340 Dicam
886 316 969 352 ego,
1003 309 1158 352 praetor
1187 310 1293 342 erat:

126 374 350 406 constatura
379 366 451 405 fuit
482 366 720 417 Megalensis
750 379 922 416 purpura
950 374 1111 404 centum
1439 385 1454 414 5

179 432 348 479 milibus,
381 440 423 471 ut
452 431 618 470 nimium
649 446 812 470 munera
841 445 958 482 parca
986 433 1110 479 dares,

125 505 163 536 et
192 498 380 548 'populare
410 511 562 536 sacrum
594 497 653 536 bis
683 497 790 535 milia
819 498 922 536 dena
951 497 1113 535 tulisset.

182 563 404 602 Discidium
434 577 514 602 non
545 571 604 602 est
634 564 721 611 hoc,
755 562 983 601 Proculeia:
1024 564 1175 600 lucrum
1206 569 1276 602 est.

622 669 742 706 XLII

128 752 228 789 Tam
258 749 380 789 dubia
409 757 466 789 est
496 751 639 799 lanugo
670 749 751 797 tibi,
784 757 863 787 tam
896 748 1023 787 mollis
1054 756 1097 787 ut
1125 748 1231 786 illam

178 815 321 853 halitus
352 822 389 853 et
419 816 520 853 soles
550 822 589 853 et
617 814 711 853 levis
740 828 833 852 aura
862 822 970 853 terat.

126 882 302 920 celantur
330 880 446 919 simili
475 888 639 919 ventura
669 881 860 931 Cydonea
888 881 988 926 lana,

180 945 322 995 pollice
351 945 526 995 virgineo
556 959 658 995 quae
687 945 853 995 spoliata
886 944 1023 982 nitent.

126 1010 264 1049 fortius
294 1010 459 1060 inpressi
489 1010 673 1060 quotiens
703 1010 774 1048 tibi
804 1009 912 1048 basia
941 1009 1128 1059 quinque,
1441 1025 1458 1055 5

179 1075 366 1114 barbatus
396 1075 524 1122 labris,
558 1075 770 1124 Dindyme,
802 1076 854 1113 fio
884 1073 970 1112 tuis.

607 1180 751 1217 XLIII

128 1260 302 1311 Septima
331 1260 419 1308 iam,
452 1260 640 1308 Phileros,
672 1260 744 1299 tibi
773 1260 957 1299 conditur
986 1273 1082 1298 uxor
1110 1259 1149 1297 in
1179 1272 1282 1309 agro.

182 1328 274 1365 Plus
304 1327 412 1374 nulli,
446 1327 633 1373 Phileros,
666 1340 786 1376 quam
822 1326 892 1365 tibi
923 1325 1052 1364 reddit
1080 1339 1180 1375 ager.

621 1433 758 1469 XLIV

129 1512 278 1560 Quinte
309 1512 550 1552 Caledonios
582 1512 701 1552 Ovidi
730 1512 858 1550 visure
889 1512 1097 1550 Britannos

179 1585 218 1615 et
247 1577 411 1616 viridem
440 1579 598 1627 Tethyn
628 1579 914 1627 Oceanumque
943 1585 1104 1626 patrem,

127 1656 218 1693 ergo
248 1645 405 1682 Numae
435 1645 555 1682 colles
584 1651 622 1682 et
653 1645 907 1681 Nomentana
935 1641 1121 1691 relinquis

181 1708 261 1746 otia
290 1722 363 1747 nec
392 1708 532 1746 retinet
561 1722 706 1758 rusque
735 1709 926 1757 focusque
956 1708 1121 1745 senem?

125 1773 268 1823 gaudia
297 1781 339 1811 tu
369 1773 510 1820 differs,
542 1781 581 1811 at
610 1786 691 1811 non
721 1781 759 1811 et
789 1773 957 1810 stamina
985 1771 1114 1810 differt
1440 1786 1456 1816 5

182 1839 353 1888 Atropos
382 1846 501 1888 atque
530 1838 658 1876 omnis
688 1838 869 1876 scribitur
898 1839 994 1876 hora
1022 1836 1104 1875 tibi.

127 1903 368 1941 Praestiteris
397 1903 632 1953 caro—quis
661 1916 742 1942 non
772 1905 848 1941 hoc
877 1904 1011 1941 laudet
1026 1900 1227 1940 ?—amico

181 1975 223 2005 ut
252 1967 381 2017 potior
408 1967 488 2006 vita
516 1968 564 2006 sit
593 1967 665 2006 tibi
694 1975 829 2006 sancta
858 1969 981 2013 fides3

129 2033 197 2071 sed
228 2034 391 2071 reddare
421 2033 496 2072 tuis
526 2034 687 2071 tandem
718 2046 900 2071 mansure
930 2031 1084 2070 Sabinis

180 2104 299 2147 teque
328 2105 413 2136 tuas
442 2111 624 2136 numeres
652 2097 753 2136 inter
780 2097 982 2136 amicitias.
1419 2111 1458 2132 10

171 2203 193 2231 6
215 2212 318 2240 parua
344 2201 516 2242 T(ets07i.
537 2202 636 2240 ΛΑΜ
659 2212 762 2242 parca
777 2202 887 2232 BACA
986 2213 1003 2242 7
1027 2203 1078 2233 bis
1094 2212 1159 2233 om.
1182 2202 1231 2232 CA

174 2245 270 2275 XLII
296 2245 368 2276 lzab.
396 2246 424 2276 T
526 2257 539 2276 1
567 2245 666 2276 dubio
689 2246 719 2276 T
860 2256 879 2275 2
903 2246 1002 2277 alitus
1017 2246 1073 2276 ΒΑ
1232 2255 1250 2283 5
1276 2244 1411 2283 inpensi
1434 2244 1462 2273 T

133 2289 215 2328 (pen
227 2293 290 2328 pro
306 2290 382 2329 pre)
602 2289 717 2319 XLIII
744 2289 817 2320 hab.
843 2289 887 2326 T,·
932 2301 959 2320 v.
983 2289 1089 2321 2lzab.
1109 2289 1142 2318 R
1164 2289 1278 2328 influe
1292 2289 1389 2328 eptgr.
1412 2287 1453 2317 ΙΙ.

131 2342 150 2362 2
175 2332 296 2362 reddet
312 2331 345 2361 R
563 2333 676 2363 XLIV
703 2343 715 2362 1
745 2333 913 2363 calidonio
935 2332 986 2363 CA
1075 2333 1248 2362 ouidisure
1264 2331 1319 2361 BA
1340 2335 1375 2361 ut
1392 2330 1455 2361 vid.

131 2385 150 2405 2
174 2376 297 2414 thetyn
317 2374 396 2415 (dn)
416 2374 504 2407 codd.
612 2385 631 2414 3
657 2376 820 2415 relinquis
838 2377 894 2407 ΒΑ
917 2377 982 2416 (-es
999 2375 1043 2415 Q)
1060 2387 1066 2406 :
1091 2375 1260 2414 relinquas
1279 2374 1327 2404 CA
1438 2385 1456 2410 4

131 2419 201 2450 otio
223 2418 321 2459 (EA)
341 2418 389 2449 CA
521 2426 540 2457 5
564 2424 604 2450 st.
628 2419 743 2451 differs
762 2419 812 2450 CA
943 2429 1027 2458 7—10
1052 2429 1122 2449 nov.
1143 2420 1240 2459 eptgr.
1265 2418 1314 2449 CA

1312 2471 1371 2501 19*
