1684 2763
230 150 284 186 M.
320 149 437 185 VAL.
472 149 785 186 MARTIALIS

336 268 373 298 et
403 268 545 307 tecum,
576 260 759 310 quotiens
788 259 841 298 ita
869 260 1052 307 incidisti,

335 324 474 374 gestari
503 325 608 363 iuvat
637 333 674 363 et
704 325 809 363 iuvat
837 325 977 363 lavari:

337 390 459 428 nolito
489 390 653 428 nimium
684 390 755 428 tibi
784 392 947 440 placere.

337 456 518 502 delectas,
553 455 793 503 Philomuse‚
823 469 903 493 non
932 455 1083 493 amaris.

686 561 882 597 LXXVII

233 635 360 685 Exigis
390 644 431 674 ut
462 644 615 673 nostros
646 637 793 673 donem
823 635 905 681 tibi,
937 637 1082 682 Tucca,
1115 634 1280 673 libellos.

283 714 362 738 non
393 700 556 738 faciani:
596 713 686 738 narn
717 700 773 737 vis
803 701 983 746 vendere,
1017 713 1097 737 non
1127 701 1264 749 legere.

673 777 893 813 LXXVIII

231 849 332 884 (lum
365 846 545 884 Saxetani
575 854 744 896 ponatur
773 847 875 884 coda
904 845 1036 884 lacerti

282 920 332 959 et,
363 912 463 950 bene
494 911 524 949 si
554 925 682 958 cenas,
715 911 878 949 conchis
908 911 1072 949 inuncta
1101 910 1199 949 tibi:

229 990 380 1023 sumen,
410 990 559 1026 apruni,
592 978 776 1026 leporem,
809 976 974 1023 boletos,
1007 984 1146 1022 ostrea,
1179 977 1321 1013 mullos

284 1038 425 1076 mittis:
456 1040 578 1077 habes
608 1052 681 1077 nec
711 1052 793 1085 cor,
824 1040 979 1088 Papyle‚
1013 1052 1086 1076 nec
1115 1037 1284 1088 genium.

696 1117 870 1152 LXXIX

338 1191 471 1229 Potavi
503 1192 624 1229 modo
654 1193 857 1229 consulare
886 1190 1031 1228 vinum.

339 1256 503 1305 Quaeris
534 1270 651 1305 quani
682 1264 792 1294 vetus
821 1264 939 1305 atque
969 1255 1159 1292 liberale?

337 1323 431 1370 Ipso
461 1323 622 1359 consule
652 1321 884 1359 conditum:
924 1321 993 1358 sed
1023 1319 1106 1369 ipse

336 1385 400 1435 qui
432 1386 603 1435 ponebat
634 1393 727 1432 erat,
758 1388 909 1432 Severe,
941 1386 1089 1423 consul.

708 1464 857 1499 LXXX

230 1542 435 1586 Quatenus
465 1538 654 1587 Odrysios
685 1538 761 1576 iam
792 1552 865 1587 pax
897 1540 1079 1576 Romana
1108 1536 1252 1575 triones

284 1611 472 1652 temperat
502 1611 539 1641 et
570 1603 727 1642 tetricae
758 1604 982 1642 conticuere
1012 1604 1140 1650 tubae,

229 1669 333 1705 hunc
365 1668 597 1706 Marcellino
626 1669 781 1718 poteris,
814 1669 1010 1715 FaustinQ
1041 1668 1216 1706 libellum

283 1732 457 1770 mittere:
497 1733 573 1770 iam
603 1734 761 1781 chartis,
789 1734 866 1771 iani
896 1742 1007 1772 vacat
1038 1733 1100 1771 ille
1130 1733 1236 1771 iocis.

229 1798 297 1835 sed
328 1797 359 1835 si
389 1811 506 1846 parva
535 1798 590 1835 tui
621 1801 855 1845 munuscula
883 1798 1036 1847 quaeris
1064 1797 1180 1835 amici

283 1864 572 1910 commendare,
604 1864 699 1901 ferat
728 1863 901 1901 carmina
931 1871 1062 1900 nostra
1090 1876 1211 1912 puer:

230 1941 308 1964 non
339 1927 464 1976 qualis
496 1928 657 1966 Geticae
687 1928 846 1966 satiatus
876 1930 976 1966 lacte
1006 1928 1193 1966 iuvencae

283 1992 496 2030 Sarmatica
526 1993 650 2042 rigido
680 1993 778 2032 ludit
813 1994 851 2031 in
887 2007 1003 2031 amne
1033 2001 1126 2038 rota,

229 2058 297 2094 sed
330 2057 557 2105 Mitylenaei
588 2072 721 2096 roseus
752 2058 957 2107 mangonis
987 2058 1164 2107 ephebus

283 2122 341 2159 vel
372 2134 451 2159 non
482 2134 618 2159 caesus
647 2123 777 2160 adhuc
808 2130 929 2160 matre
958 2122 1118 2160 iubente
1149 2123 1294 2159 Lacon.

1518 2138 1555 2158 10

277 2223 435 2253 LXXVII
461 2223 533 2254 lmb.
551 2223 584 2252 R
945 2223 1125 2253 LXXVIII
1153 2232 1172 2252 2
1195 2222 1325 2253 isuncta
1342 2223 1399 2253 tibi
1417 2228 1467 2254 est
1486 2224 1552 2254 CA:

230 2267 407 2296 inunctatis
424 2266 451 2295 L
585 2278 603 2305 4
624 2267 794 2306 pamphile
811 2266 868 2297 BA
884 2278 891 2297 z
914 2267 1037 2306 papyle
1061 2266 1167 2305 (-pile‚
1189 2267 1307 2306 -phile‚
1325 2267 1423 2297 sedin
1441 2267 1552 2298 lemm.

230 2309 293 2338 AD
313 2309 569 2348 PAPHILVM)
588 2309 636 2340 CA
828 2310 978 2340 LXXIX
1005 2321 1018 2340 1
1044 2310 1162 2340 Putaui
1177 2310 1233 2340 ΒΑ

1425 2310 1553 2340 LXXX

230 2362 248 2390 5
265 2353 391 2383 amicae
409 2353 457 2383 CA
587 2356 607 2383 6
630 2353 714 2384 feret
726 2352 781 2383 BA
797 2364 803 2383 ε
828 2353 912 2384 serat
927 2353 975 2383 CA
1108 2354 1128 2382 8
1153 2353 1259 2391 rigido
1276 2353 1327 2383 ΒΑ
1345 2365 1352 2384 t
1377 2354 1488 2391 gelido
1507 2354 1554 2383 CA

229 2396 321 2426 ludet
338 2396 389 2426 ΒΑ
410 2397 475 2437 με.
498 2397 573 2438 -ἱῑῖῑ)
731 2406 771 2427 10
795 2407 914 2428 caecus
932 2397 980 2428 CA
1070 2397 1208 2430 uiuente
1226 2398 1326 2438 tium)
1345 2397 1401 2426 BA
