1684 2763
725 143 1193 183 EPIGRAMMATON
1224 143 1327 182 LIB.
1358 143 1466 180 XIII

389 258 578 294 XXXVI.
615 257 771 295 Cistella
800 257 1005 294 olivarum.

142 340 254 377 Haec
284 351 385 388 quae
416 337 570 376 Picenis
599 337 705 376 venit
735 338 930 375 subducta
959 336 1117 386 trapetis

193 403 351 441 inchoat
381 410 499 452 atque
529 403 669 441 eadem
700 402 783 440 finit
813 402 915 440 oliva
944 403 1078 452 dapes.

434 502 648 538 XXXVII.
679 501 797 538 Mala
826 502 953 538 citrea.

139 584 219 620 Aut
249 582 456 631 Corcyraei
486 590 576 620 sunt
605 583 703 621 haec
732 583 782 621 de
812 582 1018 621 frondibus
1048 581 1161 628 horti,

191 654 257 685 aut
287 648 384 685 haec
415 648 577 697 Massyli
607 661 725 697 poma
754 647 935 686 draconis
970 654 1090 686 erant.

444 748 597 783 XXXV
604 748 620 783 I
628 748 643 783 I
652 748 680 784 Ι.
718 748 754 785 C
751 749 949 784 Olnstrmn.

139 826 339 877 Subripuit
369 835 500 877 pastor
529 841 629 877 quae
660 830 837 867 nondum
870 828 1063 866 stantibus
1092 826 1229 866 haedis

192 893 242 930 de
272 892 398 942 primo
428 900 595 931 matrum
626 895 725 932 lacte
755 895 924 931 colustra
954 895 1105 932 damus.

497 999 687 1036 XXXIX.
720 999 891 1035 Haedus.

140 1078 348 1117 Lascivum
378 1092 498 1129 pecus
527 1086 566 1117 et
595 1078 707 1117 viridi
737 1092 817 1117 non
847 1078 941 1117 utile
972 1080 1132 1117 Baccho

192 1145 259 1182 det
288 1157 460 1194 poenas3
499 1143 633 1182 nocuit
662 1144 739 1181 iam
770 1152 879 1182 tener
907 1144 971 1182 ille
1001 1145 1088 1182 deo.

586 1251 672 1287 XL.
709 1250 804 1289 Ova.

139 1331 322 1371 Candida
350 1330 381 1369 si
411 1345 572 1370 croceos
602 1331 837 1370 circumfluit
866 1332 974 1370 unda
1003 1331 1166 1378 vitellos,

194 1396 411 1447 Hesperius
442 1396 613 1435 scombri
643 1404 833 1447 temperet
863 1410 937 1434 ova
964 1396 1104 1446 liquor.

436 1503 545 1540 XLI.
576 1503 770 1539 Porcellus
799 1503 954 1539 lactans.

141 1584 260 1621 Lacte
290 1595 398 1621 mero
426 1590 582 1633 pastum
612 1583 743 1633 pigrae
773 1582 869 1620 mihi
900 1581 1032 1620 matris
1060 1583 1266 1620 alumnum

191 1654 325 1698 ponat,
356 1655 394 1686 et
424 1649 568 1686 Aetolo
598 1649 648 1686 de
678 1661 747 1686 sue
776 1647 885 1686 dives
915 1648 1016 1686 edat.

397 1752 530 1789 XLII.
560 1752 741 1800 Apyrina
770 1757 807 1788 et
833 1753 996 1789 {uburesn

140 1835 232 1872 Non
262 1832 332 1871 tibi
362 1834 411 1871 de
441 1832 598 1882 Libyeis
628 1833 787 1871 tubures
816 1840 854 1871 et
882 1832 1043 1882 apyrina
1070 1831 1197 1878 ramis,

193 1899 243 1937 de
273 1897 536 1937 Nomentanis
566 1899 635 1936 sed
665 1899 806 1936 damus
834 1898 1051 1936 arboribus.

184 2002 338 2033 XXXVI
357 2003 428 2033 [ιαῦ.
454 2002 484 2032 T
632 2002 800 2032 XXXVII
826 2002 898 2033 hab.
925 2002 954 2032 T
1054 2011 1067 2031 1
1094 2001 1215 2033 coricei
1238 2001 1282 2032 T:
1307 2012 1470 2041 corcyrae

142 2046 221 2081 (4-6)
243 2047 290 2077 CA
358 2046 523 2076 frontibus
546 2044 652 2085 TLfE
665 2049 739 2076 ante
756 2056 833 2077 corr.
902 2057 921 2076 2
946 2050 1018 2076 erat
1037 2044 1085 2075 CA
1180 2044 1367 2076 XXXVIII
1392 2045 1466 2077 hab.

146 2089 217 2120 TR.
265 2089 343 2120 Om.
364 2089 418 2119 ΒΑ
485 2099 690 2120 COLOSERVM
708 2089 768 2119 ΑΑ
838 2098 851 2118 1
872 2089 1054 2128 Surrupuit
1073 2089 1121 2119 CA

184 2132 342 2163 XXXIX
358 2133 432 2164 hab.
456 2133 485 2162 T
526 2142 665 2163 HAEDVS
678 2133 737 2162 ΑΑ
756 2144 762 2163 :
787 2142 934 2163 HAEDVM
948 2132 1022 2164 BA:
1048 2141 1187 2162 HAEDOS
1200 2131 1248 2162 CA
1339 2142 1352 2162 1
1372 2137 1468 2172 petas

146 2176 221 2215 T(c
233 2181 295 2217 pro
318 2181 340 2215 t,
368 2186 387 2206 a
406 2182 469 2216 pro
493 2178 527 2215 u)
661 2186 680 2205 2
704 2177 855 2216 deponas
878 2176 957 2207 AA:
983 2177 1040 2207 det
1064 2186 1190 2215 poenas
1214 2175 1317 2206 BACA
1407 2176 1466 2206 sed

141 2226 253 2251 tamen
270 2219 352 2250 AA:
377 2220 442 2250 iam
459 2224 557 2250 tener
571 2219 680 2250 BACA

185 2262 247 2292 XL
270 2262 342 2293 hab.
365 2262 395 2292 T
478 2272 492 2292 1
510 2263 558 2293 sic
576 2273 694 2294 roseos
706 2262 760 2292 BA

185 2306 264 2336 XLI
278 2306 350 2337 lzab.
373 2304 434 2336 TR
479 2315 676 2337 PORCELLVS
687 2306 747 2335 ΑΑ
762 2318 768 2337 z
786 2315 985 2337 PORCELLVS
1005 2315 1157 2336 LACTANS
1176 2304 1231 2334 ΒΑ
1246 2316 1253 2336 :
1270 2314 1467 2335 PORCELLvs

143 2358 292 2380 LACTENS
310 2349 358 2380 CA
448 2358 461 2378 1
488 2350 620 2390 matris]
639 2356 756 2389 pastus
772 2349 828 2379 ΒΑ
895 2349 1050 2380 alumnus
1066 2349 1121 2379 ΒΑ
1138 2360 1144 2379 :
1167 2349 1300 2379 alumna
1320 2348 1366 2378 CA

186 2393 284 2423 XLII
302 2392 374 2424 hab.
398 2392 428 2423 T
468 2402 625 2423 TVBERES
640 2394 696 2423 ΒΑ
766 2403 779 2422 1
799 2393 936 2424 tuberes
952 2393 1009 2423 ΒΑ

1319 2444 1381 2475 25*
