1684 2763
186 139 240 175 M.
273 139 394 175 VAL.
427 138 740 176 MARTIALIS

640 250 709 289 CI.
738 250 951 287 Boletaria.

184 331 286 369 Cum
318 329 414 367 mihi
443 329 565 368 boleti
593 329 774 369 dederint
803 338 882 368 tam
912 329 1045 369 nobile
1080 342 1236 375 nomen,

236 394 648 445 prototomis—pudet
677 396 755 434 heu
773 395 962 433 1—servi0
991 394 1178 433 coliculis.

519 499 611 537 CII.
647 499 790 536 Calices
820 499 1055 537 Surrentini.

184 579 332 629 Accipe
362 593 441 617 non
475 578 536 616 vili
565 578 706 616 calices
736 579 786 617 de
816 580 974 628 pulvere
1004 586 1128 623 natos,

235 645 305 683 sed
333 643 583 682 Surrentinae
611 644 696 681 leve
724 650 902 681 toreuma
930 651 1048 681 rotae.

521 742 637 781 CIII.
674 743 809 780 Colum
839 743 1046 779 nivarium.

182 824 347 870 setium,
381 836 536 870 moneo,
568 830 700 862 nostra
729 823 818 861 nive
847 824 980 873 frange
1010 823 1191 862 trientes:

235 888 464 938 pauperiore
494 901 601 926 mero
631 888 778 937 tingere
807 888 886 926 lina
915 897 1040 939 potes.

539 992 647 1030 CIV.
680 993 815 1030 Saccus
844 992 1034 1030 nivarius.

181 1076 396 1111 Attenuare
425 1071 534 1110 nives
565 1079 709 1110 norunt
738 1080 776 1110 et
805 1072 923 1110 lintea
953 1081 1109 1111 nostra:

233 1137 406 1187 frigidior
434 1138 522 1175 colo
552 1150 633 1175 non
663 1137 750 1175 salit
779 1139 887 1175 unda
916 1146 994 1175 tuo.

493 1236 576 1274 CV.
618 1236 655 1273 V
649 1236 762 1273 rceoli
787 1236 1072 1273 mim'stmztoriz'.

183 1317 335 1368 Frigida
364 1330 445 1355 non
475 1316 584 1363 derit,
618 1330 698 1354 non
729 1317 828 1355 derit
857 1318 971 1355 calda
1001 1316 1160 1366 petenti.

232 1384 301 1421 sed
331 1390 372 1420 tu
402 1395 558 1420 morosa
586 1383 720 1420 ludere
749 1395 864 1431 parce
893 1381 968 1419 siti.

553 1481 661 1519 CVI.
704 1481 840 1517 Vrceus
856 1480 1004 1529 fictilis.

183 1564 259 1601 Hie
289 1562 359 1601 tibi
388 1564 558 1601 donatur
586 1563 717 1612 panda
746 1563 861 1601 ruber
890 1577 1027 1602 urceus
1056 1576 1160 1601 ansa.

232 1628 385 1666 stoicus
415 1629 490 1665 hoc
520 1627 690 1676 gelidam
722 1629 868 1666 Fronto
898 1628 1057 1677 petebat
1085 1641 1240 1677 aquam.

616 1726 710 1765 CVI
718 1727 747 1763 Ι.
783 1727 951 1765 Calathi.

179 1809 262 1846 Nos
292 1806 427 1856 Satyri,
458 1820 530 1844 nos
561 1808 741 1845 Bacchus
769 1816 886 1854 amat,
919 1821 989 1846 nos
1019 1807 1125 1846 ebria
1160 1807 1275 1856 tigris,

231 1873 406 1921 perfusos
436 1871 587 1909 domini
616 1871 788 1910 lambere
817 1873 936 1910 docta
965 1873 1096 1921 pedes.

221 1974 263 2005 CI
293 1985 306 2005 1
335 1975 499 2004 dederunt
522 1973 617 2013 (EA)
638 1974 688 2004 vel
703 1974 783 2004 —rint
801 1973 871 2015 (X)
891 1974 941 2005 CA
1072 1985 1091 2004 2
1115 1974 1314 2014 prototumis
1334 1973 1381 2003 CA

219 2017 281 2048 CII
310 2027 323 2047 1
351 2018 455 2048 nouili
471 2018 519 2047 CA
537 2026 618 2056 gnon
636 2018 694 2047 uili
711 2016 765 2057 X)
899 2028 917 2048 2
942 2019 1126 2049 surrentini
1142 2018 1198 2048 BA

219 2060 301 2092 CIII
325 2061 530 2091 COLVMNIAR
553 2064 589 2090 ut
608 2060 670 2091 vid.
690 2060 745 2090 BA
761 2062 917 2100 (-N1ARR1
936 2061 975 2100 L⁷
995 2071 1147 2092 -Nmnvnr
1167 2061 1207 2100 Q]
1226 2073 1233 2091 :
1256 2071 1372 2092 corvin
1391 2070 1501 2091 MVAR

178 2105 245 2145 {sic}
266 2104 313 2135 CA
446 2103 524 2134 CIV
549 2114 658 2134 NJVAR
676 2108 711 2133 ul
727 2103 789 2135 vid.
809 2104 854 2135 CA
904 2115 917 2135 1
946 2105 986 2135 Et
1003 2110 1142 2136 tenuare
1160 2105 1215 2134 BA
1303 2115 1322 2134 2
1346 2104 1502 2143 frigidior

178 2148 264 2179 collo
281 2147 335 2177 ΒΑ
351 2158 358 2177 1
388 2147 561 2186 frigidiore
578 2148 654 2178 oleo
673 2147 721 2178 CA

219 2191 277 2222 CV
301 2194 469 2221 MINJSTRX
500 2195 535 2220 ut
558 2191 620 2221 vid.
652 2191 707 2221 ΒΑ
733 2191 831 2230 (-TRA
862 2192 898 2231 L,
930 2201 1002 2222 :rm
1029 2191 1072 2232 Q)
1168 2202 1181 2222 1
1209 2202 1277 2222 non
1299 2191 1406 2222 deerit
1429 2200 1498 2221 non

177 2235 284 2266 deerit
301 2234 356 2263 BA
371 2246 377 2264 :
402 2245 468 2264 non
487 2235 573 2264 desit
590 2245 658 2265 non
676 2235 785 2264 deerit
804 2234 851 2264 CA

218 2277 294 2308 CVI
324 2288 336 2307 1
363 2278 475 2316 panda
491 2278 567 2308 Ital.
583 2289 590 2308 :
613 2279 688 2308 laxa
703 2277 760 2306 BA
776 2289 782 2307 :
808 2287 913 2316 pansa
932 2278 981 2309 CA

220 2321 314 2352 CVII
339 2321 411 2352 lzab.
436 2321 465 2351 T
570 2331 583 2351 1
610 2321 717 2360 satyri
732 2320 793 2350 ΑΛ
810 2322 921 2361 (suyri
946 2322 994 2363 T)
1012 2322 1090 2352 BA:
1113 2326 1247 2352 saturus
1265 2321 1313 2353 CA
1424 2321 1499 2359 tigri

177 2369 212 2394 71!
228 2364 290 2396 vid.
308 2364 363 2394 ΒΑ
495 2374 514 2394 2
537 2366 640 2404 pedet
657 2364 707 2395 CA
