1684 2763
202 145 256 181 M.
287 144 409 181 VAL.
443 143 755 181 MARTIALIS

201 255 346 293 Nescio
376 257 485 305 quod
514 255 707 293 stomachi
737 254 874 292 vitium
905 254 1090 292 secretius
1120 268 1205 293 esse

253 320 452 370 suspicor:
492 328 534 358 ut
563 319 658 370 quid
689 319 808 367 enim,
840 319 1008 366 Baetice,
1040 319 1322 370 saprophagis?
1490 335 1528 358 ιο

642 409 863 446 LXXVIII

203 477 376 516 Minxisti
407 486 585 516 currente
615 479 748 525 semel,
781 477 956 525 Pauline,
987 477 1128 516 carina.

254 542 395 581 meiere
425 543 480 580 vis
511 542 680 581 iterum?
718 543 794 580 iam
827 542 1032 581 Palinurus
1062 542 1146 581 eris.

673 631 847 668 LXXIX

205 702 300 738 Rem
332 700 479 750 peragit
509 702 655 738 nullam
687 700 890 745 Sertorius,
921 700 1080 738 inchoat
1110 713 1258 738 omnes.

252 767 356 803 hunc
386 778 469 815 ego,
502 778 592 802 cum
623 764 749 812 futuit,
782 779 861 802 non
892 773 988 814 puto
1018 766 1215 815 perficere.

680 853 828 889 LXXX

201 925 260 960 1)6
290 924 398 960 nullo
428 922 614 972 quereris,
645 922 740 960 nulli
773 922 986 969 maledicis,
1018 922 1158 972 Apici:

251 1000 382 1025 rumor
409 987 461 1025 ait
491 987 647 1037 linguae
676 995 714 1025 te
743 995 876 1025 tamen
906 1000 991 1025 esse
1020 989 1156 1026 malae.

672 1076 844 1112 LXXXI

198 1145 305 1194 Quid
336 1159 425 1183 cum
456 1144 627 1184 femineo
657 1145 738 1192 tibi,
772 1145 930 1184 Baetice
961 1147 1084 1192 Galle,
1118 1146 1328 1184 barathro?

251 1212 347 1249 haec
376 1211 496 1249 debet
526 1210 677 1248 medios
708 1211 880 1249 lambere
909 1211 1041 1261 lingua
1069 1211 1181 1250 viros.

195 1275 348 1314 abscisa
377 1284 434 1314 est
463 1288 583 1325 quare
613 1275 744 1313 Samia
773 1275 843 1313 tibi
874 1278 1047 1314 mentula
1077 1284 1186 1323 testa,

251 1340 280 1378 si
311 1340 380 1378 tibi
411 1349 489 1378 tam
519 1348 660 1390 gratus,
695 1340 864 1387 Baetice,
895 1354 1050 1379 cunnus
1080 1343 1192 1379 erat?

196 1407 446 1444 castrandum
477 1413 593 1455 caput
623 1414 703 1444 est:
744 1420 833 1444 nam
864 1406 915 1444 sis
945 1406 1035 1445 licet
1065 1406 1223 1457 inguine
1253 1408 1399 1454 Gallus,
1505 1424 1521 1453 5

250 1484 358 1508 sacra
387 1478 518 1509 tamen
551 1471 719 1519 Cybeles
749 1471 927 1520 decipis:
968 1485 1034 1510 ore
1063 1471 1119 1509 vir
1147 1485 1198 1510 eS.

654 1560 849 1596 LXXXII

197 1628 373 1666 Conviva
403 1628 580 1677 quisquis
610 1628 707 1666 Zoili
738 1637 866 1678 potest
897 1642 993 1675 esse,

196 1693 552 1731 Summemmianas
581 1702 695 1731 cenet
725 1693 824 1732 inter
854 1708 993 1732 uxores

195 1766 382 1807 curtaque
413 1759 545 1796 Ledae
574 1758 726 1796 sobrius
756 1758 865 1796 bibat
895 1767 1019 1797 testa:

196 1825 271 1861 boc
301 1836 385 1860 esse
415 1822 536 1860 levius
567 1822 778 1872 puriusque
807 1824 1018 1861 contendo.

196 1888 293 1925 iacet
324 1895 517 1937 occupato
546 1887 766 1937 galbinatus
796 1887 835 1925 in
865 1889 967 1926 lecto
1503 1907 1520 1936 5

195 1952 417 2002 Cubitisque
448 1952 567 1990 trudit
597 1952 688 1990 binc
719 1960 756 1990 et
786 1952 878 1991 inde
906 1953 1091 1991 convivas

195 2020 350 2056 effultus
381 2026 485 2056 ostro
516 2017 735 2067 Sericisque
763 2018 942 2067 pulvillis.

241 2121 401 2151 LXXVII
432 2131 469 2151 10
491 2122 542 2151 vel
551 2121 770 2162 σαπροφαγεΐς

243 2164 419 2194 LXXVIII
445 2164 518 2195 hal).
544 2165 573 2194 T
702 2175 715 2194 1
744 2165 871 2195 Mixisti
892 2165 939 2195 CA

241 2208 371 2238 LXXX
395 2207 469 2238 lmb.
502 2208 531 2238 T
675 2218 688 2238 1
715 2209 864 2247 loqueris
887 2208 947 2238 ΑΑ
973 2210 1049 2248 (pro
1074 2208 1260 2247 loquereris
1272 2210 1292 2242 2,
1319 2213 1420 2247 prate.
1450 2209 1521 2242 lol:

195 2251 347 2290 quereris
364 2250 471 2281 BACA
559 2251 685 2281 nullum
703 2252 762 2281 ΑΑ
781 2260 857 2290 Qseq.
877 2253 933 2282 m>
1172 2251 1318 2281 LXXXI
1345 2263 1363 2289 4
1389 2253 1452 2281 iam
1473 2253 1519 2282 (A

240 2294 407 2325 LXXXII
432 2305 451 2323 2
477 2294 682 2325 Summemia
716 2301 853 2325 nascent
886 2295 940 2324 BA
1087 2306 1105 2333 4
1132 2295 1301 2325 contendo
1328 2294 1404 2325 BA:
1439 2306 1517 2326 con-

196 2338 289 2368 tendi
308 2338 355 2367 CA
486 2348 505 2376 5
531 2338 685 2378 iacetque
704 2349 734 2369 o.
754 2339 800 2369 CA
934 2337 1124 2377 galginatus
1141 2338 1196 2368 ΒΑ
1330 2348 1344 2376 7
1372 2339 1519 2378 puluinis

198 2381 273 2412 BA:
298 2381 445 2421 puluillis
464 2381 510 2411 CA
