1684 2763
738 147 1203 186 EPIGRAMMATON
1237 150 1338 186 LIB.
1370 151 1453 186 XII

612 258 746 294 LXIV

127 339 364 377 Vincentem
395 351 526 376 roseos
556 337 734 388 facieque
763 352 957 388 comaque
989 338 1185 376 ministros

181 404 311 443 Cinna
340 418 481 442 cocum
512 403 613 441 fecit.
673 403 813 450 Cinna,
844 406 1004 453 gulosus
1034 405 1155 442 homo
1185 417 1236 442 es.

628 511 739 547 LXV

129 593 345 630 Formonsa
376 592 521 641 Phyllis
550 600 667 630 nocte
697 606 787 630 cum
819 592 913 629 mihi
944 599 1026 629 tota

127 671 167 695 se
196 657 449 707 praestitisset
478 657 664 695 omnibus
694 657 822 695 modis
852 659 1008 707 largam,

126 730 163 759 et
193 722 403 772 cogitarem
435 736 550 760 mane
580 724 688 772 quod
718 724 851 761 darem
883 735 1037 768 munus,

126 795 309 825 utrumne
339 788 487 834 Cosmi,
520 788 715 826 Nicerotis
744 802 792 825 an
824 787 975 834 libram,

125 866 173 890 an
206 852 452 891 Baeticarum
482 854 639 903 pondus
667 867 755 891 acre
784 855 972 899 lanarum,
1436 870 1452 898 5

125 931 174 955 an
205 919 254 955 de
285 925 444 956 moneta
473 918 650 957 Caesaris
680 920 819 956 decem
850 919 994 955 flavos:

125 984 303 1032 amplexa
332 984 477 1020 collum
508 982 698 1032 basioque
727 991 807 1020 tam
836 985 955 1032 longo

125 1047 301 1085 blandita
329 1061 447 1097 quam
478 1055 568 1084 sunt
597 1047 757 1097 nuptiae
785 1047 1071 1094 columbarum,

125 1126 259 1162 rogare
287 1111 417 1161 coepit
448 1111 593 1161 Phyllis
621 1113 853 1161 amphoram
884 1111 974 1149 vini.

608 1217 742 1253 LXVI

128 1299 193 1336 Bis
223 1298 510 1348 quinquagenis
539 1299 683 1336 domus
711 1306 769 1336 est
799 1298 869 1337 tibi
899 1298 1057 1336 milibus
1087 1306 1230 1349 empta,

180 1365 350 1403 vendere
379 1378 498 1414 quam
529 1378 683 1402 summa
711 1366 771 1402 vel
802 1364 978 1402 breviore
1007 1364 1128 1414 cupis.

124 1437 205 1468 arte
234 1431 304 1468 sed
334 1437 551 1479 emptorem
581 1430 686 1466 vafra
714 1429 942 1479 corrumpis,
974 1431 1165 1476 Amoene,

181 1502 219 1532 et
248 1508 339 1532 casa
367 1494 511 1532 divitiis
540 1493 750 1532 ambitiosa
777 1495 881 1532 latet.

128 1567 372 1608 gemmantes
402 1558 527 1609 prima
556 1560 704 1609 fulgent
732 1559 930 1598 testudine
959 1559 1049 1597 lecti
1437 1577 1453 1606 5

181 1632 219 1662 et
250 1623 489 1662 Maurusiaci
518 1624 695 1673 pondera
724 1637 807 1661 rara
835 1623 944 1670 citri3

126 1696 330 1739 argentum
359 1696 478 1738 atque
506 1701 644 1726 aurum
674 1702 755 1726 non
785 1688 949 1738 simplex
980 1688 1175 1738 Delphica
1203 1696 1331 1738 portat
1347 1704 1355 1736 3

180 1761 283 1791 stant
312 1753 421 1803 pueri
451 1753 635 1791 dominos
664 1766 763 1802 quos
793 1767 928 1803 precer
956 1767 1040 1792 esse
1070 1767 1190 1792 meos.

127 1818 272 1857 deinde
301 1819 473 1856 ducenta
501 1832 617 1856 sonas
647 1826 685 1856 et
714 1818 769 1856 ais
798 1832 879 1857 non
909 1832 994 1857 esse
1024 1818 1196 1856 minoris.

181 1884 417 1921 Instructam
446 1883 511 1920 vili
540 1882 689 1930 vendis,
721 1886 913 1930 Amoene,
943 1885 1119 1922 domum.
1417 1900 1456 1921 10

612 1987 769 2023 LXVII

236 2067 367 2105 Maiae
397 2067 639 2106 Mercurium
669 2067 827 2106 creastis
858 2070 966 2115 Idus,

233 2132 421 2182 Augustis
448 2132 549 2172 redit
578 2132 718 2171 Idibus
748 2133 888 2181 Diana,

171 2234 284 2264 LXIV
307 2234 380 2266 ltab.
419 2236 450 2266 T
576 2246 589 2266 1
615 2236 803 2267 vincentes
834 2247 932 2268 roseo
967 2239 1016 2269 CA
1118 2239 1215 2270 saciet
1239 2250 1404 2279 cumaque
1433 2239 1462 2270 T

127 2287 146 2307 2
171 2283 222 2308 est
238 2277 378 2308 AABA:
401 2288 438 2309 es
457 2279 506 2309 CA

170 2321 266 2351 LXV
289 2332 308 2359 4
332 2321 419 2352 comi
437 2322 485 2352 CA
615 2324 635 2353 8
658 2323 808 2354 blandito
823 2323 880 2353 BA

173 2364 282 2395 LXVI
309 2375 328 2403 4
352 2365 467 2396 diuitis
485 2365 533 2395 CA
636 2368 657 2396 6
681 2367 871 2398 mam-isiaci
890 2367 979 2399 codd.
1081 2379 1097 2408 7
1123 2369 1268 2409 dephica
1286 2369 1335 2400 CA
1436 2370 1455 2399 8

130 2408 268 2439 domino
285 2408 341 2438 BA
471 2419 491 2448 9
516 2409 672 2450 minoris]
690 2410 866 2441 ministros
881 2410 938 2440 ΒΑ

1307 2466 1368 2496 24*
