1684 2763
744 165 1212 204 EPIGRAMMA'I'ON
1246 165 1347 201 LIB.
1381 164 1461 200 XII

562 278 821 315 LXXXVIII

132 368 388 418 'l‘ongilianus
419 368 537 406 habet
567 381 717 414 nasum,
749 366 841 413 scio,
874 380 954 404 non
985 380 1068 415 ego.
1129 367 1206 404 Sed
1237 365 1313 403 iam

186 434 239 471 nil
269 441 420 484 praeter
450 446 589 471 nasum
620 431 878 482 Tongilianus
909 431 1040 470 habet.

587 549 801 585 LXXXIX

242 643 362 691 Quod
392 643 480 679 lana
509 649 626 691 caput
654 641 798 691 alligas,
831 641 1013 688 Charine,

242 720 321 744 non
351 720 462 745 aures
492 706 562 744 tibi
593 708 662 745 sed
692 708 828 745 dolent
858 705 998 756 capilli.

655 821 729 860 XC

138 916 211 951 Pro
241 927 345 960 sene,
378 915 447 952 sed
478 915 589 960 clare,
622 921 756 952 votum
791 915 904 951 Maro
933 912 1024 951 fecit
1053 912 1192 959 amico,

190 978 253 1017 cui
281 978 406 1028 gravis
436 986 474 1017 et
503 980 655 1016 fervens
686 978 952 1016 hemitritaeos
982 986 1073 1024 erat,

137 1044 165 1081 si
198 1043 348 1093 Stygias
377 1057 491 1093 aeger
519 1057 599 1081 non
630 1051 731 1081 esset
762 1043 902 1081 missus
931 1044 982 1081 ad
1012 1043 1181 1089 umbras,

192 1117 233 1146 ut
263 1111 419 1147 caderet
449 1122 592 1158 magno
621 1107 780 1146 victima
807 1116 915 1158 grata
945 1108 1041 1145 Iovi.

139 1175 366 1223 Coeperunt
395 1181 541 1211 certam
571 1172 715 1211 medici
745 1174 940 1223 spondere
969 1173 1146 1209 salutem.

193 1252 242 1277 ne
271 1246 406 1276 votum
437 1240 560 1276 solvat
589 1251 696 1276 nunc
728 1239 842 1276 Maro
872 1245 963 1276 vota
992 1236 1094 1275 facit.

649 1355 746 1393 XCI

247 1447 482 1487 Communis
512 1446 583 1485 tibi
612 1461 703 1485 cum
733 1446 825 1493 viro,
860 1448 1045 1496 Magulla,

247 1527 337 1551 cum
368 1512 416 1550 sit
444 1514 610 1550 lectulus
640 1520 677 1550 et
707 1511 755 1549 sit
785 1513 970 1558 exoletus,

248 1591 378 1627 quare,
410 1577 474 1616 dic
504 1577 610 1624 mihi,
642 1590 723 1615 non
753 1576 800 1614 sit
830 1584 867 1614 et
898 1576 1083 1614 minister.

250 1642 427 1692 Suspiras
443 1657 452 1690 3
485 1642 582 1680 ratio
612 1650 680 1688 est,
711 1641 825 1679 times
854 1643 1048 1691 lagonam.

639 1758 760 1796 XCII

144 1855 269 1901 Saepe
298 1864 432 1901 rogare
462 1852 563 1889 soles
593 1849 718 1900 qualis
748 1849 835 1898 sim,
866 1848 1006 1896 Prisce,
1039 1850 1202 1896 futurus,

199 1915 230 1954 si
259 1917 349 1953 fiam
379 1917 555 1964 locuples
585 1914 738 1964 simque
767 1921 927 1964 repente
956 1922 1108 1964 potens.

147 1982 400 2030 Quemquam
429 1993 546 2030 posse
575 1987 688 2030 putas
719 1993 846 2018 mores
876 1992 1030 2017 narrare
1058 1980 1241 2017 futuros?

201 2045 265 2083 die
296 2044 401 2092 mihi,
434 2045 465 2083 si
494 2046 563 2083 fias
593 2052 634 2082 tu
664 2046 736 2091 leo,
769 2043 894 2094 qualis
924 2043 1027 2082 eris?

195 2159 411 2189 LXXXVIII
439 2170 451 2190 1
479 2169 546 2189 non
565 2169 653 2197 nego
669 2158 846 2198 Ital.‚fort.
868 2162 943 2188 recte

196 2202 380 2233 LXXXIX
395 2202 468 2233 hab.
495 2202 525 2232 T
610 2212 623 2231 1
650 2202 765 2241 alligat
779 2202 828 2232 CA

195 2246 256 2277 XC
280 2245 352 2276 hab.
376 2246 406 2276 T
522 2256 535 2276 1
562 2246 651 2276 clare
669 2245 808 2276 ΑΑΒᾸε
832 2255 909 2275 caro
930 2245 979 2276 CA
1090 2254 1109 2283 3
1134 2248 1225 2275 esset
1242 2243 1376 2274 AACA:
1415 2243 1477 2272 iret

151 2290 205 2319 ΒΑ
222 2302 228 2320 z
251 2290 332 2319 isset
358 2289 516 2319 Hemsius
602 2289 737 2319 umbras
754 2289 835 2319 AA:
859 2289 966 2318 undas
984 2287 1090 2318 ΒΑΕΑ
1199 2289 1220 2317 6
1243 2298 1331 2317 nunc
1348 2296 1439 2316 mora
1457 2286 1477 2316 f.

153 2334 234 2373 (om.
254 2337 347 2364 votat
371 2332 400 2362 T
841 2331 939 2362 XCII
964 2332 1040 2362 hal».
1065 2331 1099 2362 T.
1145 2330 1227 2361 Post
1243 2330 1358 2360 XCIII
1376 2330 1409 2359 in
1427 2329 1480 2358 BA

155 2379 307 2416 (propter
318 2375 567 2406 sz'milztndz'nem
583 2375 883 2416 Eplgt'atzztzzalttJJt
903 2374 992 2415 XCI,
1013 2373 1128 2405 XCIII
1145 2376 1171 2414 2)
1320 2384 1340 2412 3
1364 2383 1477 2412 quazn-

152 2431 250 2458 quam
275 2420 304 2450 T
388 2419 518 2450 futurus
537 2419 585 2449 CA
604 2424 682 2459 (pro
698 2421 783 2459 -ros)
