<?xml version="1.0" encoding="UTF-8"?>
<!DOCTYPE html PUBLIC "-//W3C//DTD XHTML 1.0 Transitional//EN"
    "http://www.w3.org/TR/xhtml1/DTD/xhtml1-transitional.dtd">
<html xmlns="http://www.w3.org/1999/xhtml" xml:lang="en" lang="en">
 <head>
  <title>
</title>
<meta http-equiv="Content-Type" content="text/html;charset=utf-8" />
  <meta name='ocr-system' content='tesseract 3.04.00' />
  <meta name='ocr-capabilities' content='ocr_page ocr_carea ocr_par ocr_line ocrx_word'/>
</head>
<body>
  <div class='ocr_page' id='page_1' title='image "./epigrammatarecog00martuoft/epigrammatarecog00martuoft_0273.png"; bbox 0 0 1684 2763; ppageno 0'>
   <div class='ocr_carea' id='block_1_1' title="bbox 734 150 1427 189">
    <p class='ocr_par' dir='ltr' id='par_1_1' title="bbox 734 150 1427 189">
     <span class='ocr_line' id='line_1_1' title="bbox 734 150 1427 189; baseline 0.001 -2"><span class='ocrx_word' id='word_1_1' title='bbox 734 150 1201 189; x_wconf 75' lang='lat' dir='ltr'><strong>EPIGRAMMATON</strong></span> <span class='ocrx_word' id='word_1_2' title='bbox 1233 152 1335 188; x_wconf 85' lang='lat' dir='ltr'><strong>LIB.</strong></span> <span class='ocrx_word' id='word_1_3' title='bbox 1371 152 1427 188; x_wconf 89' lang='lat' dir='ltr'>IX</span> 
     </span>
    </p>
   </div>
   <div class='ocr_carea' id='block_1_2' title="bbox 99 260 1434 897">
    <p class='ocr_par' dir='ltr' id='par_1_2' title="bbox 99 260 1434 897">
     <span class='ocr_line' id='line_1_2' title="bbox 99 260 1429 309; baseline -0.001 -9"><span class='ocrx_word' id='word_1_4' title='bbox 99 261 350 301; x_wconf 82' lang='lat' dir='ltr'>conturbabit</span> <span class='ocrx_word' id='word_1_5' title='bbox 379 262 518 299; x_wconf 88' lang='lat' dir='ltr'>Atlans</span> <span class='ocrx_word' id='word_1_6' title='bbox 548 268 586 299; x_wconf 87' lang='lat' dir='ltr'>et</span> <span class='ocrx_word' id='word_1_7' title='bbox 615 274 696 299; x_wconf 91' lang='lat' dir='ltr'>non</span> <span class='ocrx_word' id='word_1_8' title='bbox 726 260 797 299; x_wconf 87' lang='lat' dir='ltr'>erit</span> <span class='ocrx_word' id='word_1_9' title='bbox 825 260 942 299; x_wconf 89' lang='lat' dir='ltr'>uncia</span> <span class='ocrx_word' id='word_1_10' title='bbox 970 268 1053 299; x_wconf 86' lang='lat' dir='ltr'>tota</span> <span class='ocrx_word' id='word_1_11' title='bbox 1415 279 1429 309; x_wconf 79' lang='lat'>5</span> 
     </span>
     <span class='ocr_line' id='line_1_3' title="bbox 153 325 1006 376; baseline -0.002 -11"><span class='ocrx_word' id='word_1_12' title='bbox 153 326 311 365; x_wconf 78' lang='lat' dir='ltr'>decidat</span> <span class='ocrx_word' id='word_1_13' title='bbox 341 334 471 364; x_wconf 89' lang='lat' dir='ltr'>tecum</span> <span class='ocrx_word' id='word_1_14' title='bbox 502 339 579 375; x_wconf 86' lang='lat' dir='ltr'>qua</span> <span class='ocrx_word' id='word_1_15' title='bbox 608 333 717 376; x_wconf 86' lang='lat' dir='ltr'>pater</span> <span class='ocrx_word' id='word_1_16' title='bbox 746 325 829 375; x_wconf 86' lang='lat' dir='ltr'>ipse</span> <span class='ocrx_word' id='word_1_17' title='bbox 859 327 1006 364; x_wconf 80' lang='lat' dir='ltr'>deum:</span> 
     </span>
     <span class='ocr_line' id='line_1_4' title="bbox 100 390 1172 442; baseline -0.002 -13"><span class='ocrx_word' id='word_1_18' title='bbox 100 405 170 442; x_wconf 90' lang='lat' dir='ltr'>pro</span> <span class='ocrx_word' id='word_1_19' title='bbox 200 391 433 441; x_wconf 78' lang='lat' dir='ltr'>Capitolinis</span> <span class='ocrx_word' id='word_1_20' title='bbox 463 390 559 441; x_wconf 82' lang='lat' dir='ltr'>quid</span> <span class='ocrx_word' id='word_1_21' title='bbox 589 390 694 429; x_wconf 90' lang='lat' dir='ltr'>enim</span> <span class='ocrx_word' id='word_1_22' title='bbox 725 390 796 429; x_wconf 87' lang='lat' dir='ltr'>tibi</span> <span class='ocrx_word' id='word_1_23' title='bbox 826 393 976 429; x_wconf 81' lang='lat' dir='ltr'>solvere</span> <span class='ocrx_word' id='word_1_24' title='bbox 1006 391 1172 441; x_wconf 84' lang='lat' dir='ltr'>templis,</span> 
     </span>
     <span class='ocr_line' id='line_1_5' title="bbox 153 455 1119 506; baseline -0.001 -12"><span class='ocrx_word' id='word_1_25' title='bbox 153 456 249 506; x_wconf 84' lang='lat' dir='ltr'>quid</span> <span class='ocrx_word' id='word_1_26' title='bbox 279 470 349 506; x_wconf 89' lang='lat' dir='ltr'>pro</span> <span class='ocrx_word' id='word_1_27' title='bbox 378 455 570 505; x_wconf 76' lang='lat' dir='ltr'>Tarpeiae</span> <span class='ocrx_word' id='word_1_28' title='bbox 600 455 748 494; x_wconf 79' lang='lat' dir='ltr'>frondis</span> <span class='ocrx_word' id='word_1_29' title='bbox 778 457 928 494; x_wconf 81' lang='lat' dir='ltr'>honore</span> <span class='ocrx_word' id='word_1_30' title='bbox 958 457 1119 505; x_wconf 81' lang='lat' dir='ltr'>potest?</span> 
     </span>
     <span class='ocr_line' id='line_1_6' title="bbox 99 521 1225 572; baseline 0 -13"><span class='ocrx_word' id='word_1_31' title='bbox 99 521 195 572; x_wconf 84' lang='lat' dir='ltr'>quid</span> <span class='ocrx_word' id='word_1_32' title='bbox 226 536 296 571; x_wconf 91' lang='lat' dir='ltr'>pro</span> <span class='ocrx_word' id='word_1_33' title='bbox 325 521 564 560; x_wconf 84' lang='lat' dir='ltr'>culminibus</span> <span class='ocrx_word' id='word_1_34' title='bbox 593 521 759 570; x_wconf 82' lang='lat' dir='ltr'>geminis</span> <span class='ocrx_word' id='word_1_35' title='bbox 790 529 968 559; x_wconf 88' lang='lat' dir='ltr'>matrona</span> <span class='ocrx_word' id='word_1_36' title='bbox 997 521 1225 559; x_wconf 74' lang='lat' dir='ltr'>Tonantis?</span> 
     </span>
     <span class='ocr_line' id='line_1_7' title="bbox 154 586 1434 636; baseline -0.002 -12"><span class='ocrx_word' id='word_1_37' title='bbox 154 588 316 624; x_wconf 84' lang='lat' dir='ltr'>Pallada</span> <span class='ocrx_word' id='word_1_38' title='bbox 346 594 571 636; x_wconf 86' lang='lat' dir='ltr'>praetereo:</span> <span class='ocrx_word' id='word_1_39' title='bbox 611 600 670 624; x_wconf 86' lang='lat' dir='ltr'>res</span> <span class='ocrx_word' id='word_1_40' title='bbox 699 586 777 635; x_wconf 82' lang='lat' dir='ltr'>agit</span> <span class='ocrx_word' id='word_1_41' title='bbox 808 586 872 624; x_wconf 89' lang='lat' dir='ltr'>illa</span> <span class='ocrx_word' id='word_1_42' title='bbox 902 594 998 624; x_wconf 84' lang='lat' dir='ltr'>tuas.</span> <span class='ocrx_word' id='word_1_43' title='bbox 1397 602 1434 622; x_wconf 87' lang='lat'>10</span> 
     </span>
     <span class='ocr_line' id='line_1_8' title="bbox 99 651 1316 702; baseline -0.001 -12"><span class='ocrx_word' id='word_1_44' title='bbox 99 651 195 702; x_wconf 86' lang='lat' dir='ltr'>quid</span> <span class='ocrx_word' id='word_1_45' title='bbox 226 653 363 701; x_wconf 86' lang='lat' dir='ltr'>loquar</span> <span class='ocrx_word' id='word_1_46' title='bbox 391 651 560 690; x_wconf 77' lang='lat' dir='ltr'>Alciden</span> <span class='ocrx_word' id='word_1_47' title='bbox 591 652 880 701; x_wconf 73' lang='lat' dir='ltr'>Phoebumque</span> <span class='ocrx_word' id='word_1_48' title='bbox 910 651 1075 702; x_wconf 80' lang='lat' dir='ltr'>piosque</span> <span class='ocrx_word' id='word_1_49' title='bbox 1106 653 1316 690; x_wconf 79' lang='lat' dir='ltr'>Laconas?</span> 
     </span>
     <span class='ocr_line' id='line_1_9' title="bbox 153 716 1052 767; baseline 0 -13"><span class='ocrx_word' id='word_1_50' title='bbox 153 717 290 755; x_wconf 83' lang='lat' dir='ltr'>addita</span> <span class='ocrx_word' id='word_1_51' title='bbox 318 717 414 767; x_wconf 83' lang='lat' dir='ltr'>quid</span> <span class='ocrx_word' id='word_1_52' title='bbox 446 716 560 755; x_wconf 85' lang='lat' dir='ltr'>Latio</span> <span class='ocrx_word' id='word_1_53' title='bbox 591 716 723 754; x_wconf 81' lang='lat' dir='ltr'>Flavia</span> <span class='ocrx_word' id='word_1_54' title='bbox 753 719 900 767; x_wconf 80' lang='lat' dir='ltr'>templa</span> <span class='ocrx_word' id='word_1_55' title='bbox 929 719 1052 767; x_wconf 85' lang='lat' dir='ltr'>polo?</span> 
     </span>
     <span class='ocr_line' id='line_1_10' title="bbox 102 782 1123 832; baseline 0 -12"><span class='ocrx_word' id='word_1_56' title='bbox 102 783 298 832; x_wconf 75' lang='lat' dir='ltr'>Expectes</span> <span class='ocrx_word' id='word_1_57' title='bbox 327 789 364 820; x_wconf 91' lang='lat' dir='ltr'>et</span> <span class='ocrx_word' id='word_1_58' title='bbox 394 782 597 829; x_wconf 76' lang='lat' dir='ltr'>sustineas,</span> <span class='ocrx_word' id='word_1_59' title='bbox 630 784 817 831; x_wconf 77' lang='lat' dir='ltr'>Auguste,</span> <span class='ocrx_word' id='word_1_60' title='bbox 851 796 1013 821; x_wconf 80' lang='lat' dir='ltr'>necesse</span> <span class='ocrx_word' id='word_1_61' title='bbox 1043 789 1123 820; x_wconf 83' lang='lat' dir='ltr'>est:</span> 
     </span>
     <span class='ocr_line' id='line_1_11' title="bbox 155 847 1162 897; baseline 0.001 -13"><span class='ocrx_word' id='word_1_62' title='bbox 155 861 245 885; x_wconf 84' lang='lat' dir='ltr'>nam</span> <span class='ocrx_word' id='word_1_63' title='bbox 276 847 346 885; x_wconf 87' lang='lat' dir='ltr'>tibi</span> <span class='ocrx_word' id='word_1_64' title='bbox 377 849 484 897; x_wconf 86' lang='lat' dir='ltr'>quod</span> <span class='ocrx_word' id='word_1_65' title='bbox 514 849 638 885; x_wconf 86' lang='lat' dir='ltr'>solvat</span> <span class='ocrx_word' id='word_1_66' title='bbox 667 861 748 885; x_wconf 90' lang='lat' dir='ltr'>non</span> <span class='ocrx_word' id='word_1_67' title='bbox 778 848 898 886; x_wconf 85' lang='lat' dir='ltr'>habet</span> <span class='ocrx_word' id='word_1_68' title='bbox 927 861 1016 885; x_wconf 83' lang='lat' dir='ltr'>arca</span> <span class='ocrx_word' id='word_1_69' title='bbox 1047 847 1162 886; x_wconf 75' lang='lat' dir='ltr'>Iovis.</span> 
     </span>
    </p>
   </div>
   <div class='ocr_carea' id='block_1_3' title="bbox 636 947 695 983">
    <p class='ocr_par' dir='ltr' id='par_1_3' title="bbox 636 947 695 983">
     <span class='ocr_line' id='line_1_12' title="bbox 636 947 695 983; baseline -0.017 0"><span class='ocrx_word' id='word_1_70' title='bbox 636 947 695 983; x_wconf 90' lang='lat' dir='ltr'>IV</span> 
     </span>
    </p>
   </div>
   <div class='ocr_carea' id='block_1_4' title="bbox 101 1017 1162 1261">
    <p class='ocr_par' dir='ltr' id='par_1_4' title="bbox 101 1017 1162 1261">
     <span class='ocr_line' id='line_1_13' title="bbox 102 1017 1014 1066; baseline 0.001 -12"><span class='ocrx_word' id='word_1_71' title='bbox 102 1017 283 1055; x_wconf 80' lang='lat' dir='ltr'>Aureolis</span> <span class='ocrx_word' id='word_1_72' title='bbox 312 1017 411 1055; x_wconf 89' lang='lat' dir='ltr'>futui</span> <span class='ocrx_word' id='word_1_73' title='bbox 440 1031 530 1055; x_wconf 83' lang='lat' dir='ltr'>cum</span> <span class='ocrx_word' id='word_1_74' title='bbox 561 1017 684 1066; x_wconf 79' lang='lat' dir='ltr'>possit</span> <span class='ocrx_word' id='word_1_75' title='bbox 714 1019 828 1055; x_wconf 81' lang='lat' dir='ltr'>Galla</span> <span class='ocrx_word' id='word_1_76' title='bbox 857 1018 1014 1055; x_wconf 75' lang='lat' dir='ltr'>duobus</span> 
     </span>
     <span class='ocr_line' id='line_1_14' title="bbox 156 1081 1112 1132; baseline 0 -12"><span class='ocrx_word' id='word_1_77' title='bbox 156 1089 193 1120; x_wconf 89' lang='lat' dir='ltr'>et</span> <span class='ocrx_word' id='word_1_78' title='bbox 222 1084 310 1132; x_wconf 79' lang='lat' dir='ltr'>plus</span> <span class='ocrx_word' id='word_1_79' title='bbox 339 1095 458 1132; x_wconf 83' lang='lat' dir='ltr'>quam</span> <span class='ocrx_word' id='word_1_80' title='bbox 488 1081 598 1128; x_wconf 87' lang='lat' dir='ltr'>futui,</span> <span class='ocrx_word' id='word_1_81' title='bbox 631 1081 661 1119; x_wconf 86' lang='lat' dir='ltr'>si</span> <span class='ocrx_word' id='word_1_82' title='bbox 692 1082 857 1120; x_wconf 86' lang='lat' dir='ltr'>totidem</span> <span class='ocrx_word' id='word_1_83' title='bbox 887 1082 1112 1120; x_wconf 74' lang='lat' dir='ltr'>addideris:</span> 
     </span>
     <span class='ocr_line' id='line_1_15' title="bbox 101 1145 1104 1196; baseline -0.001 -11"><span class='ocrx_word' id='word_1_84' title='bbox 101 1148 282 1185; x_wconf 84' lang='lat' dir='ltr'>aureolos</span> <span class='ocrx_word' id='word_1_85' title='bbox 310 1160 333 1184; x_wconf 89' lang='lat' dir='ltr'>a</span> <span class='ocrx_word' id='word_1_86' title='bbox 362 1153 400 1184; x_wconf 93' lang='lat' dir='ltr'>te</span> <span class='ocrx_word' id='word_1_87' title='bbox 429 1159 497 1184; x_wconf 90' lang='lat' dir='ltr'>cur</span> <span class='ocrx_word' id='word_1_88' title='bbox 525 1145 678 1196; x_wconf 86' lang='lat' dir='ltr'>accipit,</span> <span class='ocrx_word' id='word_1_89' title='bbox 710 1147 918 1195; x_wconf 79' lang='lat' dir='ltr'>Aeschyle,</span> <span class='ocrx_word' id='word_1_90' title='bbox 949 1148 1104 1184; x_wconf 82' lang='lat' dir='ltr'>denos?</span> 
     </span>
     <span class='ocr_line' id='line_1_16' title="bbox 157 1210 1162 1261; baseline 0 -12"><span class='ocrx_word' id='word_1_91' title='bbox 157 1225 237 1249; x_wconf 91' lang='lat' dir='ltr'>non</span> <span class='ocrx_word' id='word_1_92' title='bbox 267 1213 374 1250; x_wconf 87' lang='lat' dir='ltr'>fellat</span> <span class='ocrx_word' id='word_1_93' title='bbox 402 1211 499 1249; x_wconf 80' lang='lat' dir='ltr'>tanti</span> <span class='ocrx_word' id='word_1_94' title='bbox 530 1212 652 1250; x_wconf 85' lang='lat' dir='ltr'>Galla.</span> <span class='ocrx_word' id='word_1_95' title='bbox 714 1210 822 1259; x_wconf 85' lang='lat' dir='ltr'>Quid</span> <span class='ocrx_word' id='word_1_96' title='bbox 852 1213 972 1261; x_wconf 78' lang='lat' dir='ltr'>ergo?</span> <span class='ocrx_word' id='word_1_97' title='bbox 1029 1213 1162 1250; x_wconf 84' lang='lat' dir='ltr'>Tacet.</span> 
     </span>
    </p>
   </div>
   <div class='ocr_carea' id='block_1_5' title="bbox 103 1309 1437 1951">
    <p class='ocr_par' dir='ltr' id='par_1_5' title="bbox 103 1309 1437 1951">
     <span class='ocr_line' id='line_1_17' title="bbox 573 1309 737 1359; baseline 0.006 -13"><span class='ocrx_word' id='word_1_98' title='bbox 573 1311 611 1346; x_wconf 90' lang='lat' dir='ltr'>V</span> <span class='ocrx_word' id='word_1_99' title='bbox 642 1309 737 1359; x_wconf 89' lang='lat' dir='ltr'>(VI)</span> 
     </span>
     <span class='ocr_line' id='line_1_18' title="bbox 103 1380 1142 1430; baseline 0.002 -13"><span class='ocrx_word' id='word_1_100' title='bbox 103 1380 207 1427; x_wconf 87' lang='lat' dir='ltr'>Tibi,</span> <span class='ocrx_word' id='word_1_101' title='bbox 239 1393 393 1418; x_wconf 88' lang='lat' dir='ltr'>summe</span> <span class='ocrx_word' id='word_1_102' title='bbox 423 1380 556 1418; x_wconf 90' lang='lat' dir='ltr'>Rheni</span> <span class='ocrx_word' id='word_1_103' title='bbox 586 1380 759 1418; x_wconf 86' lang='lat' dir='ltr'>domitor</span> <span class='ocrx_word' id='word_1_104' title='bbox 787 1388 825 1418; x_wconf 87' lang='lat' dir='ltr'>et</span> <span class='ocrx_word' id='word_1_105' title='bbox 854 1394 995 1430; x_wconf 83' lang='lat' dir='ltr'>parens</span> <span class='ocrx_word' id='word_1_106' title='bbox 1025 1381 1142 1428; x_wconf 83' lang='lat' dir='ltr'>orbis,</span> 
     </span>
     <span class='ocr_line' id='line_1_19' title="bbox 103 1444 962 1495; baseline 0.001 -12"><span class='ocrx_word' id='word_1_107' title='bbox 103 1444 248 1495; x_wconf 83' lang='lat' dir='ltr'>pudice</span> <span class='ocrx_word' id='word_1_108' title='bbox 277 1445 470 1495; x_wconf 88' lang='lat' dir='ltr'>princeps,</span> <span class='ocrx_word' id='word_1_109' title='bbox 502 1445 642 1494; x_wconf 82' lang='lat' dir='ltr'>gratias</span> <span class='ocrx_word' id='word_1_110' title='bbox 672 1453 793 1494; x_wconf 79' lang='lat' dir='ltr'>agunt</span> <span class='ocrx_word' id='word_1_111' title='bbox 822 1446 962 1484; x_wconf 86' lang='lat' dir='ltr'>urbes:</span> 
     </span>
     <span class='ocr_line' id='line_1_20' title="bbox 104 1510 1178 1560; baseline 0.003 -13"><span class='ocrx_word' id='word_1_112' title='bbox 104 1512 274 1560; x_wconf 84' lang='lat' dir='ltr'>populos</span> <span class='ocrx_word' id='word_1_113' title='bbox 304 1511 531 1557; x_wconf 78' lang='lat' dir='ltr'>habebunt3</span> <span class='ocrx_word' id='word_1_114' title='bbox 570 1523 704 1559; x_wconf 81' lang='lat' dir='ltr'>parere</span> <span class='ocrx_word' id='word_1_115' title='bbox 733 1510 810 1548; x_wconf 86' lang='lat' dir='ltr'>iam</span> <span class='ocrx_word' id='word_1_116' title='bbox 841 1513 968 1549; x_wconf 86' lang='lat' dir='ltr'>scelus</span> <span class='ocrx_word' id='word_1_117' title='bbox 998 1525 1078 1549; x_wconf 91' lang='lat' dir='ltr'>non</span> <span class='ocrx_word' id='word_1_118' title='bbox 1110 1520 1178 1550; x_wconf 85' lang='lat' dir='ltr'>est.</span> 
     </span>
     <span class='ocr_line' id='line_1_21' title="bbox 104 1574 953 1625; baseline 0.001 -13"><span class='ocrx_word' id='word_1_119' title='bbox 104 1588 186 1613; x_wconf 89' lang='lat' dir='ltr'>non</span> <span class='ocrx_word' id='word_1_120' title='bbox 216 1588 312 1625; x_wconf 89' lang='lat' dir='ltr'>puer</span> <span class='ocrx_word' id='word_1_121' title='bbox 340 1574 445 1612; x_wconf 80' lang='lat' dir='ltr'>avari</span> <span class='ocrx_word' id='word_1_122' title='bbox 474 1582 604 1613; x_wconf 85' lang='lat' dir='ltr'>sectus</span> <span class='ocrx_word' id='word_1_123' title='bbox 633 1583 715 1613; x_wconf 86' lang='lat' dir='ltr'>arte</span> <span class='ocrx_word' id='word_1_124' title='bbox 745 1575 953 1625; x_wconf 82' lang='lat' dir='ltr'>mangonis</span> 
     </span>
     <span class='ocr_line' id='line_1_22' title="bbox 103 1640 1437 1690; baseline 0.001 -13"><span class='ocrx_word' id='word_1_125' title='bbox 103 1640 293 1678; x_wconf 81' lang='lat' dir='ltr'>virilitatis</span> <span class='ocrx_word' id='word_1_126' title='bbox 323 1641 469 1678; x_wconf 78' lang='lat' dir='ltr'>damna</span> <span class='ocrx_word' id='word_1_127' title='bbox 498 1647 646 1678; x_wconf 84' lang='lat' dir='ltr'>maeret</span> <span class='ocrx_word' id='word_1_128' title='bbox 676 1648 843 1690; x_wconf 80' lang='lat' dir='ltr'>ereptae,</span> <span class='ocrx_word' id='word_1_129' title='bbox 1420 1660 1437 1690; x_wconf 82' lang='lat'>5</span> 
     </span>
     <span class='ocr_line' id='line_1_23' title="bbox 104 1705 1061 1756; baseline 0.002 -13"><span class='ocrx_word' id='word_1_130' title='bbox 104 1718 178 1743; x_wconf 89' lang='lat' dir='ltr'>nec</span> <span class='ocrx_word' id='word_1_131' title='bbox 208 1718 327 1754; x_wconf 83' lang='lat' dir='ltr'>quam</span> <span class='ocrx_word' id='word_1_132' title='bbox 356 1705 548 1755; x_wconf 85' lang='lat' dir='ltr'>superbus</span> <span class='ocrx_word' id='word_1_133' title='bbox 578 1714 768 1755; x_wconf 87' lang='lat' dir='ltr'>conputet</span> <span class='ocrx_word' id='word_1_134' title='bbox 797 1706 939 1756; x_wconf 85' lang='lat' dir='ltr'>stipem</span> <span class='ocrx_word' id='word_1_135' title='bbox 969 1708 1061 1745; x_wconf 87' lang='lat' dir='ltr'>leno</span> 
     </span>
     <span class='ocr_line' id='line_1_24' title="bbox 105 1769 914 1820; baseline 0.001 -13"><span class='ocrx_word' id='word_1_136' title='bbox 105 1771 172 1808; x_wconf 85' lang='lat' dir='ltr'>dat</span> <span class='ocrx_word' id='word_1_137' title='bbox 201 1769 411 1820; x_wconf 86' lang='lat' dir='ltr'>prostituto</span> <span class='ocrx_word' id='word_1_138' title='bbox 441 1769 583 1808; x_wconf 83' lang='lat' dir='ltr'>misera</span> <span class='ocrx_word' id='word_1_139' title='bbox 612 1779 735 1808; x_wconf 85' lang='lat' dir='ltr'>mater</span> <span class='ocrx_word' id='word_1_140' title='bbox 763 1770 914 1809; x_wconf 88' lang='lat' dir='ltr'>infanti.</span> 
     </span>
     <span class='ocr_line' id='line_1_25' title="bbox 106 1835 1023 1886; baseline 0.002 -14"><span class='ocrx_word' id='word_1_141' title='bbox 106 1835 187 1884; x_wconf 85' lang='lat' dir='ltr'>Qui</span> <span class='ocrx_word' id='word_1_142' title='bbox 215 1848 290 1873; x_wconf 89' lang='lat' dir='ltr'>nec</span> <span class='ocrx_word' id='word_1_143' title='bbox 319 1835 438 1873; x_wconf 86' lang='lat' dir='ltr'>cubili</span> <span class='ocrx_word' id='word_1_144' title='bbox 467 1837 591 1873; x_wconf 81' lang='lat' dir='ltr'>fuerat</span> <span class='ocrx_word' id='word_1_145' title='bbox 619 1844 711 1874; x_wconf 90' lang='lat' dir='ltr'>ante</span> <span class='ocrx_word' id='word_1_146' title='bbox 740 1843 779 1874; x_wconf 87' lang='lat' dir='ltr'>te</span> <span class='ocrx_word' id='word_1_147' title='bbox 808 1838 1023 1886; x_wconf 86' lang='lat' dir='ltr'>quondam,</span> 
     </span>
     <span class='ocr_line' id='line_1_26' title="bbox 104 1900 953 1951; baseline 0.004 -14"><span class='ocrx_word' id='word_1_148' title='bbox 104 1901 233 1949; x_wconf 88' lang='lat' dir='ltr'>pudor</span> <span class='ocrx_word' id='word_1_149' title='bbox 261 1913 347 1938; x_wconf 83' lang='lat' dir='ltr'>esse</span> <span class='ocrx_word' id='word_1_150' title='bbox 375 1914 443 1950; x_wconf 89' lang='lat' dir='ltr'>per</span> <span class='ocrx_word' id='word_1_151' title='bbox 472 1908 510 1939; x_wconf 88' lang='lat' dir='ltr'>te</span> <span class='ocrx_word' id='word_1_152' title='bbox 538 1900 670 1950; x_wconf 89' lang='lat' dir='ltr'>coepit</span> <span class='ocrx_word' id='word_1_153' title='bbox 699 1908 737 1939; x_wconf 92' lang='lat' dir='ltr'>et</span> <span class='ocrx_word' id='word_1_154' title='bbox 765 1902 953 1951; x_wconf 80' lang='lat' dir='ltr'>lupanari.</span> 
     </span>
    </p>
   </div>
   <div class='ocr_carea' id='block_1_6' title="bbox 108 1999 1142 2184">
    <p class='ocr_par' dir='ltr' id='par_1_6' title="bbox 108 1999 1142 2184">
     <span class='ocr_line' id='line_1_27' title="bbox 561 2001 754 2037; baseline 0.01 -2"><span class='ocrx_word' id='word_1_155' title='bbox 561 2001 621 2036; x_wconf 91' lang='lat' dir='ltr'>VI</span> <span class='ocrx_word' id='word_1_156' title='bbox 671 2001 754 2037; x_wconf 90' lang='lat' dir='ltr'>VII</span> 
     </span>
     <span class='ocr_line' id='line_1_28' title="bbox 108 1999 1142 2119; baseline 0.003 -13"><span class='ocrx_word' id='word_1_157' title='bbox 108 2068 249 2107; x_wconf 89' lang='lat' dir='ltr'>Dicere</span> <span class='ocrx_word' id='word_1_158' title='bbox 279 2070 329 2107; x_wconf 91' lang='lat' dir='ltr'>de</span> <span class='ocrx_word' id='word_1_159' title='bbox 359 2069 517 2118; x_wconf 87' lang='lat' dir='ltr'>Libycis</span> <span class='ocrx_word' id='word_1_160' title='bbox 546 1999 681 2108; x_wconf 72' lang='lat' dir='ltr'>reduc(i</span> <span class='ocrx_word' id='word_1_161' title='bbox 712 1999 783 2108; x_wconf 62' lang='lat' dir='ltr'>tilii</span> <span class='ocrx_word' id='word_1_162' title='bbox 812 2070 1006 2119; x_wconf 83' lang='lat' dir='ltr'>gentibus,</span> <span class='ocrx_word' id='word_1_163' title='bbox 1039 2072 1142 2118; x_wconf 88' lang='lat' dir='ltr'>Afer,</span> 
     </span>
     <span class='ocr_line' id='line_1_29' title="bbox 159 2133 1041 2184; baseline 0.002 -13"><span class='ocrx_word' id='word_1_164' title='bbox 159 2133 357 2172; x_wconf 84' lang='lat' dir='ltr'>continuis</span> <span class='ocrx_word' id='word_1_165' title='bbox 386 2134 492 2172; x_wconf 89' lang='lat' dir='ltr'>volui</span> <span class='ocrx_word' id='word_1_166' title='bbox 522 2134 697 2184; x_wconf 80' lang='lat' dir='ltr'>quinque</span> <span class='ocrx_word' id='word_1_167' title='bbox 727 2135 867 2173; x_wconf 84' lang='lat' dir='ltr'>diebus</span> <span class='ocrx_word' id='word_1_168' title='bbox 898 2137 1041 2174; x_wconf 85' lang='lat' dir='ltr'>Have:</span> 
     </span>
    </p>
   </div>
   <div class='ocr_carea' id='block_1_7' title="bbox 109 2236 1442 2440">
    <p class='ocr_par' dir='ltr' id='par_1_7' title="bbox 111 2236 1441 2323">
     <span class='ocr_line' id='line_1_30' title="bbox 151 2236 1440 2279; baseline 0.005 -14"><span class='ocrx_word' id='word_1_169' title='bbox 151 2236 199 2266; x_wconf 91' lang='lat'>111</span> <span class='ocrx_word' id='word_1_170' title='bbox 226 2237 247 2265; x_wconf 86' lang='lat'><strong>6</strong></span> <span class='ocrx_word' id='word_1_171' title='bbox 270 2237 411 2268; x_wconf 83' lang='lat' dir='ltr'>decedat</span> <span class='ocrx_word' id='word_1_172' title='bbox 427 2236 484 2267; x_wconf 71' lang='lat' dir='ltr'>BA</span> <span class='ocrx_word' id='word_1_173' title='bbox 587 2237 714 2277; x_wconf 83' lang='lat' dir='ltr'>tecum]</span> <span class='ocrx_word' id='word_1_174' title='bbox 735 2241 840 2267; x_wconf 87' lang='lat' dir='ltr'>totum</span> <span class='ocrx_word' id='word_1_175' title='bbox 860 2237 910 2268; x_wconf 78' lang='lat' dir='ltr'>CA</span> <span class='ocrx_word' id='word_1_176' title='bbox 929 2238 980 2277; x_wconf 70' lang='lat' dir='ltr'>(cf</span> <span class='ocrx_word' id='word_1_177' title='bbox 1000 2249 1027 2269; x_wconf 74' lang='lat' dir='ltr'>v.</span> <span class='ocrx_word' id='word_1_178' title='bbox 1047 2240 1081 2279; x_wconf 81' lang='lat'>5)</span> <span class='ocrx_word' id='word_1_179' title='bbox 1220 2249 1256 2270; x_wconf 84' lang='lat'>12</span> <span class='ocrx_word' id='word_1_180' title='bbox 1279 2241 1373 2271; x_wconf 87' lang='lat' dir='ltr'>addit</span> <span class='ocrx_word' id='word_1_181' title='bbox 1392 2240 1440 2271; x_wconf 71' lang='lat' dir='ltr'>CA</span> 
     </span>
     <span class='ocr_line' id='line_1_31' title="bbox 111 2278 1441 2323; baseline 0.003 -13"><span class='ocrx_word' id='word_1_182' title='bbox 111 2289 148 2317; x_wconf 88' lang='lat'>14</span> <span class='ocrx_word' id='word_1_183' title='bbox 165 2290 231 2318; x_wconf 87' lang='lat' dir='ltr'>quo</span> <span class='ocrx_word' id='word_1_184' title='bbox 247 2278 341 2318; x_wconf 82' lang='lat' dir='ltr'>Duff</span> <span class='ocrx_word' id='word_1_185' title='bbox 650 2281 696 2311; x_wconf 94' lang='lat' dir='ltr'>IV</span> <span class='ocrx_word' id='word_1_186' title='bbox 724 2291 737 2311; x_wconf 91' lang='lat'>1</span> <span class='ocrx_word' id='word_1_187' title='bbox 764 2282 877 2312; x_wconf 83' lang='lat' dir='ltr'>aureis</span> <span class='ocrx_word' id='word_1_188' title='bbox 895 2281 945 2312; x_wconf 81' lang='lat' dir='ltr'>CA</span> <span class='ocrx_word' id='word_1_189' title='bbox 1032 2287 1149 2321; x_wconf 76' lang='lat' dir='ltr'>posset</span> <span class='ocrx_word' id='word_1_190' title='bbox 1165 2282 1220 2312; x_wconf 81' lang='grc' dir='ltr'>ΒΑ</span> <span class='ocrx_word' id='word_1_191' title='bbox 1235 2295 1242 2314; x_wconf 80' lang='lat' dir='ltr'><em>z</em></span> <span class='ocrx_word' id='word_1_192' title='bbox 1266 2284 1375 2323; x_wconf 78' lang='lat' dir='ltr'>possit</span> <span class='ocrx_word' id='word_1_193' title='bbox 1393 2282 1441 2314; x_wconf 76' lang='lat' dir='ltr'>CA</span> 
     </span>
    </p>

    <p class='ocr_par' dir='ltr' id='par_1_8' title="bbox 109 2323 1442 2405">
     <span class='ocr_line' id='line_1_32' title="bbox 149 2323 1442 2362; baseline 0.005 -11"><span class='ocrx_word' id='word_1_194' title='bbox 149 2323 180 2352; x_wconf 95' lang='lat' dir='ltr'>V</span> <span class='ocrx_word' id='word_1_195' title='bbox 203 2333 223 2360; x_wconf 83' lang='lat'><strong>3</strong></span> <span class='ocrx_word' id='word_1_196' title='bbox 247 2323 393 2361; x_wconf 85' lang='lat' dir='ltr'>populus</span> <span class='ocrx_word' id='word_1_197' title='bbox 421 2323 477 2353; x_wconf 69' lang='lat' dir='ltr'>BA</span> <span class='ocrx_word' id='word_1_198' title='bbox 586 2334 604 2362; x_wconf 85' lang='lat'><strong>4</strong></span> <span class='ocrx_word' id='word_1_199' title='bbox 630 2324 702 2354; x_wconf 84' lang='lat' dir='ltr'>auri</span> <span class='ocrx_word' id='word_1_200' title='bbox 733 2323 783 2354; x_wconf 81' lang='lat' dir='ltr'>CA</span> <span class='ocrx_word' id='word_1_201' title='bbox 937 2326 957 2355; x_wconf 89' lang='grc'>8</span> <span class='ocrx_word' id='word_1_202' title='bbox 982 2326 1144 2357; x_wconf 85' lang='lat' dir='ltr'>cubiculis</span> <span class='ocrx_word' id='word_1_203' title='bbox 1170 2326 1250 2358; x_wconf 65' lang='lat' dir='ltr'>BA:</span> <span class='ocrx_word' id='word_1_204' title='bbox 1276 2328 1375 2358; x_wconf 90' lang='lat' dir='ltr'>cubili</span> <span class='ocrx_word' id='word_1_205' title='bbox 1394 2326 1442 2358; x_wconf 83' lang='lat' dir='ltr'>CA</span> 
     </span>
     <span class='ocr_line' id='line_1_33' title="bbox 109 2366 419 2405; baseline 0.003 -10"><span class='ocrx_word' id='word_1_206' title='bbox 109 2377 130 2405; x_wconf 94' lang='lat'>9</span> <span class='ocrx_word' id='word_1_207' title='bbox 156 2377 217 2404; x_wconf 84' lang='lat' dir='ltr'>per</span> <span class='ocrx_word' id='word_1_208' title='bbox 233 2371 267 2396; x_wconf 86' lang='lat' dir='ltr'>te</span> <span class='ocrx_word' id='word_1_209' title='bbox 283 2377 348 2397; x_wconf 84' lang='lat' dir='ltr'>om.</span> <span class='ocrx_word' id='word_1_210' title='bbox 369 2366 419 2396; x_wconf 79' lang='lat' dir='ltr'>CA</span> 
     </span>
    </p>

    <p class='ocr_par' dir='ltr' id='par_1_9' title="bbox 148 2408 355 2440">
     <span class='ocr_line' id='line_1_34' title="bbox 148 2408 355 2440; baseline -0.005 0"><span class='ocrx_word' id='word_1_211' title='bbox 148 2409 195 2440; x_wconf 94' lang='lat' dir='ltr'>VI</span> <span class='ocrx_word' id='word_1_212' title='bbox 219 2409 293 2440; x_wconf 77' lang='lat' dir='ltr'>hah.</span> <span class='ocrx_word' id='word_1_213' title='bbox 320 2408 355 2439; x_wconf 85' lang='lat' dir='ltr'><em>R</em></span> 
     </span>
    </p>
   </div>
   <div class='ocr_carea' id='block_1_8' title="bbox 153 2467 1356 2497">
    <p class='ocr_par' dir='ltr' id='par_1_10' title="bbox 153 2467 1356 2497">
     <span class='ocr_line' id='line_1_35' title="bbox 153 2467 1356 2497; baseline 0.003 -4"><span class='ocrx_word' id='word_1_214' title='bbox 153 2472 261 2495; x_wconf 72' lang='lat' dir='ltr'><strong>mART.</strong></span> <span class='ocrx_word' id='word_1_215' title='bbox 280 2472 333 2494; x_wconf 78' lang='grc' dir='ltr'>ΕΡ.</span> <span class='ocrx_word' id='word_1_216' title='bbox 1315 2467 1356 2497; x_wconf 85' lang='grc'>16</span> 
     </span>
    </p>
   </div>
  </div>
 </body>
</html>
