1684 2763
220 136 276 172 M.
307 135 429 173 VAL.
463 135 776 173 MARTIALIS

552 246 776 283 LXXXIV.
807 247 960 284 Scarus.

219 326 299 364 Hie
328 339 468 373 scarus,
500 326 705 376 aequoreis
735 327 801 376 qui
830 327 937 365 venit
965 328 1106 365 adesus
1135 327 1185 365 ab
1215 325 1342 372 undis,

269 391 482 430 visceribus
512 392 640 429 bonus
670 399 738 439 est,
771 400 899 430 cetera
926 391 1001 430 vile
1031 391 1142 442 sapit.

530 496 730 532 LXXXV.
767 496 985 534 Coracinus.

218 576 403 626 Princeps
434 575 575 614 Niliaci
605 575 760 625 raperis,
792 575 983 621 eoracine,
1016 575 1195 614 macelli:

272 642 449 679 Pellaeae
478 640 581 690 prior
610 648 668 678 est
697 639 819 689 gloria
847 641 954 677 nulla
987 641 1111 689 gulae.

553 745 776 782 LXXXVI.
807 744 962 781 Echini.

220 827 298 864 Iste
328 825 417 863 licet
446 824 588 874 digitos
619 824 816 862 testudine
845 832 994 874 pungat
1021 832 1146 871 acuta,

270 889 414 928 cortice
443 889 623 938 deposita
652 888 780 927 mollis
810 888 973 927 echinus
1004 888 1086 927 erit.

527 994 775 1030 LXXXVII.
806 993 987 1030 Μιινίίες.

218 1074 415 1124 Sanguine
444 1076 494 1113 de
523 1083 657 1113 nostro
686 1074 838 1121 tinetas,
868 1074 1027 1124 ingrate,
1058 1075 1230 1112 lacernas

270 1139 410 1186 induis,
443 1148 480 1178 et
510 1153 589 1178 non
620 1147 677 1178 est
707 1140 783 1177 hoc
813 1139 916 1186 satis,
949 1152 1038 1177 esca
1072 1152 1217 1176 sumus.

554 1239 826 1274 LXXXVIII.
861 1238 984 1275 Gobii.

221 1321 267 1357 In
297 1320 459 1358 Venetis
489 1319 565 1357 sint
593 1321 699 1357 lauta
727 1319 817 1357 licet
846 1318 1025 1357 convivia
1055 1317 1172 1364 terris,

272 1384 507 1434 principium
536 1398 657 1422 cenae
684 1383 824 1434 gobius
853 1397 938 1422 esse
967 1384 1076 1421 solet.

575 1489 800 1525 LXXXIX.
831 1488 976 1536 Lupus.

224 1571 378 1607 Laneus
409 1569 585 1620 Euganei
614 1571 729 1620 lupus
759 1568 901 1618 excipit
930 1582 997 1607 ora
1026 1566 1191 1614 Timavi,

272 1647 470 1683 aequoreo
499 1635 633 1673 dulces
663 1648 752 1672 cuin
783 1636 862 1672 sale
891 1641 1023 1684 pastus
1052 1646 1184 1682 aquas.

633 1739 718 1777 XC.
749 1739 919 1775 Aurata.

225 1820 318 1857 Non
348 1819 475 1857 onmis
505 1821 640 1857 laudes
669 1819 916 1868 pretiumque
945 1826 1078 1855 aurata
1107 1825 1285 1862 meretur,

278 1885 347 1922 sed
377 1884 439 1922 cui
470 1886 574 1922 solus
604 1883 674 1921 erit
703 1884 855 1921 concha
885 1882 1055 1920 Lucrina
1083 1881 1205 1920 cibus.

271 1987 451 2017 LXXXIV
463 1987 536 2017 hab.
559 1987 588 2017 T
651 1996 806 2017 SCARPVS
837 1985 866 2016 T
960 1995 971 2015 1
1000 1985 1159 2025 aequorei
1187 1985 1234 2015 CA
1376 1994 1394 2013 2
1418 1989 1451 2015 et
1475 1988 1548 2014 tera

229 2030 276 2059 CA
366 2031 448 2060 uiles
461 2031 506 2060 ait
526 2030 572 2060 T:
595 2030 661 2060 bile
680 2031 712 2071 (i.
723 2041 746 2061 c.
766 2029 826 2069 vi-)
846 2039 872 2060 s.
893 2029 940 2060 CA

272 2073 434 2103 LXXXV
449 2074 521 2104 lzab.
547 2073 576 2103 T

271 2116 450 2147 LXXXVI
469 2117 543 2146 lzab.
566 2116 625 2146 TR
712 2127 731 2146 2
756 2116 908 2155 deposita
924 2115 1003 2145 AA:
1028 2115 1182 2154 deposito
1197 2113 1303 2144 ΒΑΕΔ

272 2160 467 2190 LXXXVII
482 2160 555 2191 hab.
577 2159 636 2190 TR

274 2203 485 2234 LXXXVIII
504 2204 577 2234 hab.
602 2203 631 2233 T
671 2213 766 2233 GA1311
787 2202 834 2233 CA
947 2211 960 2231 1
987 2202 1099 2232 uentis
1115 2200 1219 2231 BACA
1309 2200 1399 2230 lauta
1414 2199 1523 2229 AACA
1540 2210 1546 2227 :

229 2257 334 2286 pauca
350 2246 406 2276 BA

271 2290 455 2320 LXXXIX
473 2290 545 2320 [ιαί).
571 2289 599 2319 T
686 2300 698 2319 1
727 2289 860 2319 Laneus
883 2288 932 2318 vel
956 2287 1103 2318 Launius
1119 2286 1197 2318 AA:
1224 2285 1374 2317 Daunius
1391 2284 1548 2315 Hm‘nsius

230 2344 380 2372 euganae
398 2334 447 2364 vel
460 2333 622 2372 euganius
639 2333 698 2362 ΑΛ
713 2344 719 2362 :
744 2332 907 2369 euganeis
926 2331 972 2361 CA

272 2376 333 2408 XC
345 2377 417 2408 hab.
437 2376 496 2408 TR
544 2387 557 2407 1
577 2387 695 2407 omnes
708 2375 823 2406 ΑΛΒΑ
888 2374 1002 2405 laudet
1016 2373 1062 2405 CA
1149 2384 1168 2403 2
1186 2373 1249 2404 erit
1261 2371 1389 2403 AACA:
1408 2376 1479 2403 erat
1493 2369 1547 2400 BA
