1684 2715
393 408 462 455 M.
513 406 673 455 VAL.
727 407 831 454 MA
844 407 1142 455 RTIALIS

462 524 1074 573 EPIGRAMMATON

659 660 831 696 LIBER
862 661 880 697 Ι

156 781 295 818 SPERO
316 793 379 818 me
401 787 580 818 secutum
598 780 637 818 in
654 780 795 819 libellis
818 780 915 819 meis
937 783 1013 820 tale
1027 789 1381 831 temperamentum
1398 790 1438 820 ut

105 845 155 883 de
182 845 256 883 illis
285 845 395 895 queri
422 859 503 883 non
531 845 655 895 possit
680 845 858 896 quisquis
888 847 937 884 de
966 860 1006 885 se
1028 847 1130 885 bene
1150 847 1324 893 senserit,
1347 861 1436 885 cum

102 912 207 948 salva
225 910 447 949 infimarum
465 924 625 960 quoque
642 924 898 961 personarum
915 911 1131 950 reverentia
1146 913 1284 951 ludant
1300 926 1308 959 3
1339 926 1438 962 quae

105 977 206 1014 adeo
233 976 405 1026 antiquis
434 976 663 1014 auctoribus
691 976 815 1014 defuit
845 984 887 1014 ut
914 977 1143 1015 nominibus
1174 991 1254 1015 non
1285 985 1436 1015 tantum

103 1041 200 1079 veris
227 1041 340 1079 abusi
368 1041 444 1079 sint
465 1043 535 1080 sed
556 1049 594 1080 et
616 1042 778 1091 magnis.
840 1042 941 1080 Mihi
962 1044 1067 1080 fama
1086 1042 1199 1081 vilius
1220 1050 1374 1081 constet
1401 1051 1438 1080 et
1460 1049 1475 1079 5

103 1107 289 1157 probetur
319 1107 358 1145 in
390 1121 453 1145 me
488 1107 746 1145 novissimum
782 1107 995 1157 ingenium.
1055 1108 1171 1146 Absit
1203 1122 1226 1146 a
1260 1108 1435 1146 iocorum

102 1179 325 1210 nostrorum
347 1172 596 1222 simplicitate
625 1173 818 1223 malignus
846 1173 1035 1223 interpres
1062 1187 1136 1212 nec
1157 1173 1437 1224 epigrammata

104 1251 192 1275 mea
220 1237 387 1276 scribat:
427 1237 593 1288 inprobe
627 1238 720 1276 facit
750 1238 817 1288 qui
846 1238 886 1276 in
916 1239 1046 1277 alieno
1076 1239 1175 1277 libro
1209 1239 1435 1288 ingeniosus

103 1310 171 1340 est.
232 1302 437 1341 Lascivam
470 1303 679 1341 verborum
716 1303 930 1350 veritatem,
965 1304 1006 1342 id
1036 1311 1093 1342 est
1124 1303 1433 1354 epigrammaton

102 1367 285 1418 linguam,
310 1382 569 1415 excussarem,
592 1368 624 1406 si
652 1382 785 1406 meum
814 1377 916 1407 esset
942 1371 1191 1419 exemplum:
1223 1369 1278 1407 sic
1303 1369 1435 1407 scribit
1461 1380 1498 1400 10

103 1434 293 1480 Catullus,
310 1433 364 1472 sic
388 1436 555 1481 Marsus,
576 1433 631 1471 sic
652 1435 773 1481 Pedo,
794 1434 849 1472 sic
867 1434 1107 1481 Gaetulicus,
1124 1434 1178 1472 sic
1195 1434 1437 1484 quicumque

105 1498 324 1548 perlegitur.
398 1499 437 1537 Si
458 1498 545 1548 quis
567 1506 699 1537 tamen
722 1506 800 1536 tam
822 1498 1031 1537 ambitiose
1054 1499 1170 1537 tristis
1191 1508 1249 1538 est
1269 1508 1310 1538 ut
1331 1502 1436 1550 apud

102 1564 211 1602 illum
233 1564 273 1601 in
294 1565 401 1602 nulla
428 1564 571 1614 pagina
597 1563 715 1602 latine
736 1563 845 1614 loqui
874 1565 931 1602 fas
959 1564 1016 1611 sit,
1040 1572 1171 1614 potest
1192 1565 1357 1615 epistola
1377 1568 1436 1604 vel

103 1629 233 1679 potius
255 1630 368 1668 titulo
389 1638 600 1668 contentus
629 1644 725 1669 esse.
800 1630 1094 1680 Epigrammata
1121 1631 1195 1669 illis
1216 1631 1439 1669 scribuntur

102 1695 169 1745 qui
208 1697 336 1734 solent
371 1704 547 1746 spectare
582 1698 766 1735 Florales.
826 1698 919 1735 Non
955 1696 1072 1734 intret
1107 1698 1208 1736 Cato
1242 1698 1436 1735 theatrum
1462 1711 1495 1740 ¹5

103 1775 248 1808 meum,
281 1769 348 1800 aut
388 1761 419 1799 si
454 1761 663 1809 intraverit,
701 1769 862 1812 spectet.
922 1761 1072 1800 Videor
1106 1762 1201 1800 mihi
1236 1776 1326 1801 meo
1357 1762 1438 1801 iure

103 1829 274 1866 facturus
297 1827 327 1866 si
349 1827 557 1878 epistolam
581 1827 756 1866 versibus
778 1829 930 1866 clusero
948 1843 954 1865 z

158 1928 306 1965 Nosses
337 1927 494 1965 iocosae
523 1928 640 1966 dulce
670 1940 760 1965 cum
791 1940 944 1965 sacrum
977 1928 1115 1965 Florae

156 1993 356 2042 festosque
385 1994 492 2030 lusus
523 1999 560 2030 et
590 1991 789 2030 licentiam
820 1991 934 2041 volgi,

156 2070 224 2095 cur
254 2057 293 2095 in
323 2058 529 2103 theatrum,
564 2058 665 2097 Cato
696 2070 839 2103 severe,
871 2056 1042 2095 venisti?

155 2136 206 2160 an
236 2122 327 2161 ideo
357 2130 509 2161 tantum
540 2136 713 2169 veneras,
745 2130 788 2160 ut
817 2122 970 2161 exires?

148 2220 263 2251 Emsr.
300 2221 434 2251 tilulum
485 2220 721 2251 VALERIVS
779 2218 1038 2250 MARTIALIS
1096 2218 1297 2249 LECTORI
1347 2218 1435 2248 SVO

105 2263 320 2294 SALVTEM
341 2265 466 2295 exhibet
489 2264 626 2303 CAsort.
647 2269 722 2295 recle
868 2273 887 2301 3
912 2263 1019 2293 infim-
1035 2273 1074 2292 ex
1090 2263 1214 2292 infirm·
1240 2266 1275 2291 ut
1296 2262 1358 2293 vid.
1382 2262 1433 2290 BA

108 2317 146 2337 10
169 2308 302 2381 stiripsit
319 2308 372 2338 BA
389 2320 395 2339 :
421 2308 540 2340 scribit
559 2307 607 2339 CA
744 2316 781 2346 13
805 2306 910 2337 latina
927 2306 1039 2346 eloqui
1057 2306 1109 2336 BA
1128 2308 1203 2346 (pro
1221 2305 1354 2343 latinae,
1374 2306 1391 2334 ι’.
1408 2315 1431 2334 r.

105 2361 173 2389 -ne,
207 2361 297 2392 oqu1,
