1684 2763
754 120 1220 162 EPIGRAMMATON
1254 125 1355 162 LIB.
1389 126 1423 161 X

75 228 219 266 ‘Saeva
248 241 396 267 nocens
426 229 543 267 febris
572 231 710 268 saltem
740 239 930 280 quartana
959 233 1123 272 fuisses!

148 293 289 331 servari
319 293 474 333 medico
504 294 642 333 debuit
671 294 735 333 ille
764 309 847 334 suo.

540 399 760 436 LXXVIII

200 473 282 512 Ibis
311 474 477 522 litoreas,
511 476 657 522 Macer,
690 477 863 522 Salonas,

198 538 269 577 ibit
298 553 380 578 rara
409 540 507 578 fides
535 553 725 590 amorque
754 540 848 579 recti

197 612 235 642 et
265 618 376 654 quae,
409 619 499 643 cum
529 606 715 644 comitem
746 606 861 644 trahit
891 608 1094 656 pudorem,

196 682 350 720 semper
378 670 585 721 pauperior
612 671 711 709 redit
741 679 936 721 potestas:

195 735 285 773 felix
313 736 500 774 auriferae
529 738 669 774 colone
700 744 833 783 terrae,

196 807 386 839 rectorem
416 815 542 839 vacuo
571 801 658 839 sinu
688 801 862 840 remittes

195 865 430 916 optabisque
460 880 598 913 moras,
630 874 668 904 et
698 874 906 905 exeuntem

195 931 274 968 udo
306 932 490 968 Dalmata
518 931 663 980 gaudio
693 930 877 980 sequeris.

192 1007 264 1032 nos
296 996 438 1042 Celtas,
472 997 621 1043 Macer,
650 1003 688 1033 et
717 1003 844 1034 truces
876 995 1049 1035 Hiberos

192 1071 282 1097 cum
313 1059 509 1098 desiderio
539 1059 594 1097 tui
624 1067 814 1109 petemus.
1380 1079 1417 1101 10

191 1124 269 1162 Sed
299 1137 574 1174 quaecumque
603 1132 735 1162 tamen
766 1126 909 1162 feretur
937 1124 1043 1163 illinc

189 1188 333 1237 piscosi
363 1191 516 1228 calamo
545 1189 644 1240 Tagi
674 1197 819 1237 notata,

191 1255 371 1292 Macrum
401 1254 544 1304 pagina
572 1262 705 1293 nostra
733 1254 978 1294 nominabit:

189 1317 244 1356 sic
273 1318 374 1357 inter
401 1327 551 1358 veteres
581 1321 685 1370 legar
714 1328 860 1369 poetas,

188 1396 261 1422 nec
291 1385 435 1422 multos
465 1384 562 1422 mihi
590 1386 782 1434 praeferas
812 1384 969 1433 priores,
1376 1404 1411 1435 15

187 1462 268 1487 uno
297 1451 366 1488 sed
395 1449 467 1488 tibi
497 1449 569 1487 sim
600 1450 727 1488 minor
757 1451 925 1489 Catullo.

549 1567 723 1603 LXXIX

78 1642 143 1679 Ad
172 1641 343 1691 lapidem
374 1643 598 1691 Torquatus
628 1642 748 1680 habet
776 1640 968 1691 praetoria
998 1648 1178 1691 quartum
1194 1656 1204 1690 3

131 1707 182 1744 ad
211 1714 393 1756 quartum
422 1707 539 1744 breve
569 1720 632 1744 rus
662 1706 757 1744 emit
787 1705 988 1745 Otacilius.

77 1772 301 1821 Torquatus
330 1770 474 1810 nitidas
503 1770 609 1809 vario
639 1772 689 1809 de
718 1784 912 1809 marmore
941 1772 1112 1809 thermas

130 1836 294 1875 extruxit
311 1851 320 1884 3
359 1849 567 1874 cucumam
597 1835 689 1875 fecit
719 1836 921 1875 Otacilius.

78 1900 282 1951 Disposuit
311 1902 526 1951 daphnona
555 1914 626 1939 suo
655 1902 881 1950 Torquatus
910 1900 950 1938 in
979 1913 1099 1950 agr03
1392 1921 1408 1951 5

129 1973 330 2004 castaneas
359 1973 519 2004 centum
549 1965 646 2004 sevit
676 1965 879 2004 Otacilius.

75 2112 81 2117 ἡ
118 2069 282 2100 LXXVII
307 2079 327 2108 3
351 2074 456 2099 artem
474 2073 593 2108 quarta
608 2069 629 2100 f.
649 2068 698 2099 CA
831 2068 954 2099 fuisses
970 2067 1027 2098 BA
1043 2078 1051 2098 :
1075 2067 1193 2097 fuisset
1211 2067 1260 2098 CA
1387 2082 1406 2108 4

74 2111 300 2186 ¹113LXXXIII
328 2165 342 2186 1
367 2155 484 2186 alonas
501 2154 549 2204 §A
681 2165 701 2194 3
726 2159 857 2186 etecum
873 2154 923 2186 CA
940 2165 948 2186 ε
971 2158 1006 2185 et
1021 2163 1138 2184 secum
1154 2153 1228 2185 Ital.
1319 2157 1405 2187 trahi

73 2231 127 2262 ΒΑ
147 2233 225 2270 <41st
244 2232 311 2273 of)
331 2232 405 2272 (pro
421 2208 540 2270 trahsst,
562 2232 581 2262 i.
604 2242 627 2262 e.
647 2232 769 2270 trahet,
789 2242 867 2262 corr.
887 2231 1026 2271 trahitz)
1045 2242 1052 2261 ι
1076 2231 1187 2261 trahet
1206 2231 1254 2262 CA
1385 2236 1406 2263 6

74 2276 218 2306 remittis
242 2275 313 2306 BA:
337 2276 485 2307 remittet
515 2277 596 2315 (-tes
623 2274 659 2315 C,
686 2278 753 2306 etc&
789 2274 838 2305 CA
1026 2275 1046 2304 8
1070 2275 1136 2304 uda
1157 2274 1206 2304 CA

73 2324 182 2350 certas
201 2318 251 2349 CA
384 2329 418 2348 11
444 2319 511 2350 illic
529 2319 578 2350 CA
712 2328 752 2349 12
776 2319 860 2350 tacis
879 2317 927 2348 CA
1063 2326 1100 2356 15
1124 2318 1293 2357 praeferat
1312 2318 1360 2349 CA

118 2361 267 2392 LXXIX
292 2372 310 2391 2
334 2362 439 2393 brebe
459 2362 506 2393 CA
525 2363 586 2403 (zze.
606 2361 678 2403 -ue)
