1684 2763
276 161 330 197 M.
364 161 484 198 VAL.
519 161 830 200 MARTIALIS

704 273 805 310 LIII
838 272 943 322 (LV)

273 346 442 385 Auditur
470 353 661 396 quantum
694 349 865 397 Massyla
894 361 962 397 per
990 348 1076 386 avia
1106 362 1290 395 murmur,

324 411 531 450 innumero
560 412 742 462 quotiens
771 413 866 450 silva
894 414 1008 451 leone
1038 413 1138 460 furit,

272 476 438 526 pallidus
467 477 654 515 attonitos
683 479 734 515 ad
766 479 899 516 Poena
929 478 1096 528 mapalia
1125 486 1256 528 pastor

323 553 413 578 cum
443 548 598 579 revocat
626 548 756 579 tauros
786 549 824 580 et
853 541 936 580 sine
966 549 1097 580 mente
1126 556 1272 592 pecus:

270 611 398 642 tantus
428 605 467 643 in
497 605 675 643 Ausonia
704 606 859 644 fremuit
888 607 1009 644 modo
1039 614 1159 644 terror
1187 609 1341 645 harena.
1574 623 1590 654 5

322 669 408 719 quis
438 683 517 708 non
548 683 633 708 esse
661 684 816 720 gregem
846 672 1050 709 crederet?
1088 684 1189 709 unus
1219 679 1308 715 erat,

268 735 336 772 sed
367 734 477 772 cuius
507 742 716 773 tremerent
745 735 818 785 ipsi
848 749 1007 785 quoque
1036 736 1118 774 iura
1147 737 1292 782 leones,

320 799 383 836 cui
412 799 596 837 diadema
625 801 734 838 daret
764 814 956 838 marmore
986 800 1090 850 picta
1120 802 1281 839 Nomas.

266 878 289 899 ω
319 872 510 913 quantum
539 878 608 914 per
637 866 737 903 colla
766 867 898 911 decus,
930 879 1047 915 quern
1079 866 1217 915 sparsit
1246 867 1437 905 honorem

317 941 434 966 aurea
462 930 629 975 lunatae,
661 943 750 967 curn
781 929 896 976 stetit,
928 930 1066 968 umbra
1094 930 1234 968 iubae!
1553 945 1592 968 10

264 993 425 1040 grandia
454 1007 571 1043 quam
601 994 733 1032 decuit
763 995 883 1032 latum
913 995 1107 1032 venabula
1136 1002 1272 1044 pectus

318 1065 543 1108 quantaque
572 1059 622 1097 de
651 1072 792 1108 magna
821 1059 963 1108 gaudia
992 1067 1116 1097 morte
1145 1059 1256 1097 tulit!

264 1123 380 1161 Vnde
410 1122 495 1168 tuis,
528 1122 662 1172 Libye,
695 1131 774 1160 tam
804 1123 894 1161 felix
922 1123 1043 1173 gloria
1073 1123 1208 1161 silvis?

315 1200 339 1224 a
368 1187 535 1236 Cybeles
565 1187 759 1237 numquid
788 1195 945 1226 venerat
976 1188 1039 1226 ille
1069 1187 1193 1237 iugo?

262 1264 311 1289 an
342 1252 463 1301 magis
494 1254 704 1299 Herculeo,
738 1252 982 1299 Germanice,
1015 1252 1118 1290 misit
1147 1253 1197 1291 ab
1226 1260 1329 1290 astro
1550 1267 1587 1299 15

316 1317 417 1355 hanc
447 1316 517 1354 tibi
545 1319 605 1355 vel
636 1318 750 1355 frater
778 1319 839 1356 vel
869 1324 978 1367 pater
1008 1317 1090 1367 ipse
1120 1319 1272 1356 seram?

690 1445 783 1481 Liv
805 1444 944 1494 (Lm)

368 1519 695 1558 Formonsissima
724 1533 825 1570 quae
854 1521 960 1558 fuere
991 1521 1051 1558 vel
1080 1527 1182 1566 sunt,

366 1585 435 1622 sed
464 1584 650 1622 vilissima
679 1598 780 1634 quae
809 1586 916 1623 fuere
945 1586 1006 1623 vel
1035 1592 1137 1631 sunt,

367 1661 391 1686 o
421 1661 539 1697 quam
570 1657 608 1687 te
638 1649 730 1696 fieri,
764 1651 930 1696 Catulla,
961 1650 1102 1687 vellem

365 1713 605 1751 formonsam
636 1713 764 1751 minus
793 1722 860 1752 aut
889 1714 1011 1764 magis
1040 1712 1249 1764 pudicam!

695 1835 766 1870 LV
797 1833 925 1883 (LVI)

257 1908 520 1958 Temporibus
549 1907 689 1946 nostris
718 1916 823 1946 aetas
854 1922 943 1946 cum
974 1909 1089 1946 cedat
1117 1920 1278 1945 avorum

309 1972 470 2010 creverit
499 1980 537 2011 et
567 1973 689 2010 maior
718 1987 807 2010 cum
839 1974 940 2011 duce
971 1974 1101 2010 Roma
1130 1985 1213 2018 suo,

257 2034 456 2084 ingenium
487 2035 584 2072 sacri
614 2035 761 2072 miraris
791 2036 904 2073 desse
936 2034 1112 2073 Maronis

308 2112 382 2137 nec
411 2112 651 2148 quemquam
681 2107 788 2137 tanta
818 2100 920 2137 bella
948 2113 1086 2137 sonare
1116 2099 1220 2137 tuba.

302 2201 379 2231 LIII
405 2212 453 2232 vv.
477 2211 558 2231 1-12
574 2201 645 2232 ltab.
672 2201 701 2230 T
821 2212 833 2231 1
860 2202 1039 2243 quantum]
1059 2211 1156 2241 quam
1173 2200 1225 2231 P:
1248 2204 1374 2240 quanto
1394 2198 1446 2238 Q:
1471 2208 1532 2238 per
1548 2197 1577 2227 L

256 2245 435 2284 massylam
453 2244 508 2274 BA
616 2255 635 2283 3
659 2245 822 2276 attonitus
839 2245 888 2274 CA
957 2246 1058 2284 plena
1074 2244 1187 2274 AACA
1203 2256 1209 2274 ι
1233 2253 1321 2283 pena
1340 2243 1401 2283 (tle.
1424 2242 1539 2272 Poena
1551 2243 1578 2281 ἲ)

254 2287 310 2318 ΒΑ
427 2289 446 2317 8
471 2293 521 2318 ret
543 2288 590 2318 T:
615 2290 694 2318 dare
713 2287 763 2317 CA
879 2298 990 2319 comas
1018 2288 1067 2318 CA
1169 2298 1190 2326 9
1213 2286 1342 2326 spargit
1370 2285 1420 2315 CA
1539 2295 1578 2315 10

254 2331 352 2361 iuuae
371 2334 406 2360 ut
426 2331 488 2361 vid.
508 2331 564 2361 BA
655 2341 692 2369 14
718 2331 803 2370 iugis
820 2331 896 2361 BA:
921 2333 998 2370 iugo
1017 2331 1068 2362 CA
1157 2332 1195 2360 16
1218 2332 1306 2360 hunc
1325 2328 1375 2358 CA
1393 2330 1427 2368 <u
1441 2333 1502 2368 pro
1517 2328 1574 2366 a2)

255 2374 330 2403 LIV
353 2375 424 2405 hab.
448 2375 476 2404 T
572 2385 592 2412 4
616 2375 798 2404 autminus
815 2386 845 2414 p.
861 2374 975 2404 AACA
1150 2373 1207 2404 LV
1231 2372 1303 2403 hab.
1330 2372 1375 2411 T3
1400 2382 1448 2403 vv.
1472 2381 1577 2411 19—20

253 2417 325 2448 lmb.
346 2417 379 2447 R
514 2428 526 2447 1
553 2417 691 2458 cu1n]ci
716 2418 743 2447 T
869 2428 887 2456 4
913 2417 1115 2458 nequiquam
1139 2417 1168 2448 T
