1684 2763
210 139 267 176 M.
298 139 420 176 VAL.
454 138 767 176 MARTIALIS

210 253 219 269 ⁶
234 251 319 287 Iam
341 248 432 294 scio,
455 261 528 286 nec
549 247 671 286 fallis:
699 261 790 285 nam
812 261 875 286 me
894 260 1054 297 quoque
1075 248 1204 287 iudice
1223 262 1358 287 verum
1379 256 1446 287 est.
1499 264 1532 295 [ς

262 314 348 352 talis
378 315 479 352 erat'
508 313 616 352 dices
649 316 802 351 ‘noster
831 313 1119 351 Amazonicus.’

692 412 835 449 XLIII

316 484 409 521 Non
439 481 529 527 dixi,
561 481 763 527 Coracine,
795 489 833 519 te
861 480 1094 520 cinaedum:

315 561 396 586 non
426 561 512 585 sum
543 554 622 584 tam
652 546 878 585 temerarius
907 559 980 584 nec
1008 548 1136 585 audax

315 626 388 651 nec
419 611 625 650 mendacia
653 611 719 661 qui
750 613 887 660 loquar
915 611 1090 649 libenter.

316 678 347 716 si
376 677 466 723 dixi,
499 676 702 722 Coracine,
734 683 771 714 te
800 675 1021 721 cinaedum,

314 742 448 780 iratam
480 740 576 778 mihi
606 740 769 778 Pontiae
799 741 991 789 lagonam,
1514 757 1530 787 5

315 807 454 845 iratum
485 805 647 844 calicem
679 804 774 842 mihi
805 804 959 842 Metili:

315 872 399 910 iuro
430 885 497 921 per
526 870 655 920 Syrios
685 869 755 908 tibi
785 878 968 915 tumores,

316 937 399 975 iuro
429 950 497 987 per
527 935 780 984 Berecyntios
809 936 967 973 furores.

317 1002 425 1050 Quid
455 1000 533 1040 dixi
563 1001 724 1038 tamen?
781 1001 873 1038 Hoc
903 1001 987 1038 leve
1016 1007 1054 1038 et
1084 1000 1278 1050 pusillum,

315 1068 423 1117 quod
453 1074 591 1104 notum
621 1073 689 1111 est,
722 1066 830 1114 quod
860 1072 898 1102 et
927 1064 1010 1114 ipse
1039 1078 1120 1102 non
1150 1065 1335 1115 negabis:
1495 1081 1533 1102 ιο

315 1132 394 1170 dixi
423 1139 470 1177 te,
504 1129 706 1175 Coracine‚
739 1128 1021 1179 cunnilingum.

699 1229 835 1265 XLIV

210 1301 289 1340 Hic
319 1309 375 1339 est
405 1298 624 1350 pampineis
654 1297 786 1335 viridis
816 1299 937 1336 modo
966 1297 1136 1336 Vesbius
1166 1298 1327 1345 umbris,

261 1374 450 1416 presserat
480 1364 543 1401 hic
573 1362 753 1401 madidos
783 1362 926 1400 nobilis
956 1375 1030 1400 uva
1059 1364 1191 1400 lacus:

207 1433 303 1469 haec
334 1431 432 1480 iuga,
465 1442 582 1478 quam
615 1429 746 1477 Nysae
775 1429 894 1465 colles
924 1429 1011 1477 plus
1043 1429 1222 1465 Bacchus
1251 1428 1407 1473 amavit,

260 1497 337 1533 hoc
367 1508 490 1544 nuper
520 1492 643 1542 Satyri
674 1500 808 1529 monte
837 1493 982 1530 dedere
1012 1493 1163 1530 choros.

208 1563 303 1598 haec
332 1558 496 1597 Veneris
526 1559 650 1603 sedes,
684 1557 984 1595 Lacedaemone
1013 1556 1154 1606 gratior
1182 1556 1246 1601 illi,
1511 1573 1529 1603 5

260 1625 324 1663 hic
354 1626 463 1662 locus
495 1624 696 1661 Herculeo
726 1621 887 1660 nornine
917 1623 1042 1659 clarus
1072 1629 1163 1659 erat.

207 1698 348 1728 cuncta
378 1689 505 1727 iacent
536 1687 703 1725 flammis
733 1695 770 1725 et
800 1686 896 1724 tristi
927 1700 1052 1725 mersa
1081 1687 1234 1724 favilla:

261 1768 334 1793 nec
363 1753 491 1803 superi
521 1754 663 1790 vellent
692 1753 768 1789 hoc
798 1751 952 1789 licuisse
981 1751 1065 1788 sibi.

707 1850 819 1886 XLV

208 1935 322 1972 Haec
352 1933 420 1970 tibi
452 1946 521 1982 pro
551 1939 644 1969 nato
673 1932 788 1980 plena
817 1931 884 1968 dat
913 1931 1036 1968 laetus
1065 1943 1206 1976 acerra,

262 1998 436 2042 Phoebe,
470 1996 670 2034 Palatinus
700 2008 862 2033 munera
892 1995 1133 2040 Parthenius,

208 2072 249 2101 ut
279 2062 346 2112 qui
375 2062 498 2112 prima
528 2074 632 2098 novo
661 2060 786 2109 signat
817 2059 1086 2109 quinquennia
1114 2061 1246 2105 lustro,

260 2127 419 2177 impleat
449 2126 672 2163 innumeras
703 2127 847 2162 Burrus
877 2124 1143 2174 Olympiadas.

254 2229 292 2258 15
316 2219 411 2249 falles
428 2219 507 2248 AA:
534 2216 620 2247 fallis
637 2216 713 2247 BA:
737 2216 844 2246 facilis
863 2216 909 2246 CA
1054 2217 1092 2246 16
1116 2217 1198 2246 dicis
1215 2216 1296 2246 AA:
1323 2215 1439 2246 dicens
1455 2215 1530 2245 BA:

209 2264 300 2293 dices
320 2262 365 2293 CA
541 2259 655 2290 XLIII
681 2270 731 2290 vv.
750 2269 820 2298 1-3.
837 2269 917 2298 7-11
933 2259 1006 2290 hah.
1027 2259 1056 2289 T
1139 2270 1160 2298 9
1183 2260 1262 2299 quid
1279 2259 1393 2289 ΑΑΒΑ
1410 2270 1416 2289 :
1440 2260 1529 2298 quod

209 2307 258 2337 CA
276 2309 365 2344 (cum
383 2304 453 2343 PQ‘
529 2304 592 2333 huc
611 2303 658 2334 CA
725 2303 828 2332 breue
845 2302 904 2332 ΑΑ
920 2314 927 2333 :
952 2302 1025 2332 leue
1043 2303 1148 2333 ΒΑΕΔ
1280 2302 1392 2332 XLIV
1415 2302 1486 2332 hab.
1508 2302 1536 2331 Τ

212 2361 224 2380 1
252 2350 329 2379 hinc
349 2348 394 2378 (Ἀ
486 2357 504 2376 2
530 2357 594 2376 oua
612 2350 647 2376 nt
663 2345 726 2376 vid.
747 2346 795 2375 CA
883 2356 902 2384 3
928 2346 970 2385 pl.
991 2346 1053 2376 hae
1070 2347 1141 2377 bac.
1162 2345 1209 2376 CA
1296 2357 1316 2384 4
1341 2346 1464 2376 chorus
1482 2345 1529 2376 CA

208 2403 226 2431 5
251 2393 314 2423 hoe
334 2392 380 2422 CA
470 2391 490 2419 6
514 2390 653 2420 nomine
670 2389 810 2419 AABA:
835 2390 971 2419 numine
989 2389 1037 2420 CA
1287 2389 1381 2419 XLV
1405 2389 1477 2418 hab.
1505 2389 1534 2419 T
