<?xml version="1.0" encoding="UTF-8"?>
<!DOCTYPE html PUBLIC "-//W3C//DTD XHTML 1.0 Transitional//EN"
    "http://www.w3.org/TR/xhtml1/DTD/xhtml1-transitional.dtd">
<html xmlns="http://www.w3.org/1999/xhtml" xml:lang="en" lang="en">
 <head>
  <title>
</title>
<meta http-equiv="Content-Type" content="text/html;charset=utf-8" />
  <meta name='ocr-system' content='tesseract 3.04.00' />
  <meta name='ocr-capabilities' content='ocr_page ocr_carea ocr_par ocr_line ocrx_word'/>
</head>
<body>
  <div class='ocr_page' id='page_1' title='image "./epigrammatarecog00martuoft/epigrammatarecog00martuoft_0405.png"; bbox 0 0 1684 2763; ppageno 0'>
   <div class='ocr_carea' id='block_1_1' title="bbox 729 132 1442 171">
    <p class='ocr_par' dir='ltr' id='par_1_1' title="bbox 729 132 1442 171">
     <span class='ocr_line' id='line_1_1' title="bbox 729 132 1442 171; baseline -0.003 0"><span class='ocrx_word' id='word_1_1' title='bbox 729 134 857 171; x_wconf 83' lang='lat' dir='ltr'>EPIG</span> <span class='ocrx_word' id='word_1_2' title='bbox 866 134 987 170; x_wconf 68' lang='grc' dir='ltr'>ΚΛΜ</span> <span class='ocrx_word' id='word_1_3' title='bbox 995 133 1195 171; x_wconf 83' lang='grc' dir='ltr'>ΜΛἸῸΝ</span> <span class='ocrx_word' id='word_1_4' title='bbox 1228 132 1280 169; x_wconf 92' lang='lat' dir='ltr'>LI</span> <span class='ocrx_word' id='word_1_5' title='bbox 1289 133 1329 169; x_wconf 89' lang='lat' dir='ltr'>B.</span> <span class='ocrx_word' id='word_1_6' title='bbox 1363 132 1442 169; x_wconf 85' lang='lat' dir='ltr'>XII</span> 
     </span>
    </p>
   </div>
   <div class='ocr_carea' id='block_1_2' title="bbox 599 244 756 281">
    <p class='ocr_par' dir='ltr' id='par_1_2' title="bbox 599 244 756 281">
     <span class='ocr_line' id='line_1_2' title="bbox 599 244 756 281; baseline -0.006 0"><span class='ocrx_word' id='word_1_7' title='bbox 599 244 756 281; x_wconf 88' lang='lat' dir='ltr'>LXXII</span> 
     </span>
    </p>
   </div>
   <div class='ocr_carea' id='block_1_3' title="bbox 118 324 1448 700">
    <p class='ocr_par' dir='ltr' id='par_1_3' title="bbox 121 324 1105 440">
     <span class='ocr_line' id='line_1_3' title="bbox 121 324 1105 375; baseline -0.001 -13"><span class='ocrx_word' id='word_1_8' title='bbox 121 326 259 375; x_wconf 81' lang='lat' dir='ltr'>Iugera</span> <span class='ocrx_word' id='word_1_9' title='bbox 289 331 481 363; x_wconf 85' lang='lat' dir='ltr'>mercatus</span> <span class='ocrx_word' id='word_1_10' title='bbox 511 338 633 375; x_wconf 90' lang='lat' dir='ltr'>prope</span> <span class='ocrx_word' id='word_1_11' title='bbox 664 325 778 363; x_wconf 88' lang='lat' dir='ltr'>busta</span> <span class='ocrx_word' id='word_1_12' title='bbox 808 324 963 362; x_wconf 85' lang='lat' dir='ltr'>latentis</span> <span class='ocrx_word' id='word_1_13' title='bbox 993 324 1105 373; x_wconf 83' lang='lat' dir='ltr'>agelli</span> 
     </span>
     <span class='ocr_line' id='line_1_4' title="bbox 172 389 1077 440; baseline 0 -13"><span class='ocrx_word' id='word_1_14' title='bbox 172 399 210 428; x_wconf 86' lang='lat' dir='ltr'>ct</span> <span class='ocrx_word' id='word_1_15' title='bbox 240 392 340 428; x_wconf 88' lang='lat' dir='ltr'>male</span> <span class='ocrx_word' id='word_1_16' title='bbox 369 397 598 440; x_wconf 76' lang='lat' dir='ltr'>compactae</span> <span class='ocrx_word' id='word_1_17' title='bbox 627 389 800 427; x_wconf 87' lang='lat' dir='ltr'>culmina</span> <span class='ocrx_word' id='word_1_18' title='bbox 830 391 925 427; x_wconf 89' lang='lat' dir='ltr'>fulta</span> <span class='ocrx_word' id='word_1_19' title='bbox 953 403 1077 436; x_wconf 84' lang='lat' dir='ltr'>casae,</span> 
     </span>
    </p>

    <p class='ocr_par' dir='ltr' id='par_1_4' title="bbox 118 454 1147 570">
     <span class='ocr_line' id='line_1_5' title="bbox 118 454 1147 505; baseline -0.001 -12"><span class='ocrx_word' id='word_1_20' title='bbox 118 455 265 494; x_wconf 79' lang='lat' dir='ltr'><strong>deseris</strong></span> <span class='ocrx_word' id='word_1_21' title='bbox 295 455 474 502; x_wconf 88' lang='lat' dir='ltr'>urbanas,</span> <span class='ocrx_word' id='word_1_22' title='bbox 506 462 573 493; x_wconf 86' lang='lat' dir='ltr'>tua</span> <span class='ocrx_word' id='word_1_23' title='bbox 602 454 771 505; x_wconf 89' lang='lat' dir='ltr'>praedia,</span> <span class='ocrx_word' id='word_1_24' title='bbox 805 456 1029 504; x_wconf 83' lang='lat' dir='ltr'>Pannyche,</span> <span class='ocrx_word' id='word_1_25' title='bbox 1061 454 1147 492; x_wconf 88' lang='lat' dir='ltr'>lites</span> 
     </span>
     <span class='ocr_line' id='line_1_6' title="bbox 172 519 1097 570; baseline -0.001 -12"><span class='ocrx_word' id='word_1_26' title='bbox 172 534 368 570; x_wconf 84' lang='lat' dir='ltr'>parvaque</span> <span class='ocrx_word' id='word_1_27' title='bbox 398 521 466 558; x_wconf 86' lang='lat' dir='ltr'>sed</span> <span class='ocrx_word' id='word_1_28' title='bbox 497 519 608 558; x_wconf 88' lang='lat' dir='ltr'>tritae</span> <span class='ocrx_word' id='word_1_29' title='bbox 637 519 810 570; x_wconf 84' lang='lat' dir='ltr'>praemia</span> <span class='ocrx_word' id='word_1_30' title='bbox 839 528 943 559; x_wconf 87' lang='lat' dir='ltr'>certa</span> <span class='ocrx_word' id='word_1_31' title='bbox 973 528 1097 570; x_wconf 81' lang='lat' dir='ltr'>togae.</span> 
     </span>
    </p>

    <p class='ocr_par' dir='ltr' id='par_1_5' title="bbox 121 585 1448 700">
     <span class='ocr_line' id='line_1_7' title="bbox 121 585 1448 635; baseline -0.001 -12"><span class='ocrx_word' id='word_1_32' title='bbox 121 587 389 632; x_wconf 78' lang='lat' dir='ltr'>Frumentum,</span> <span class='ocrx_word' id='word_1_33' title='bbox 422 585 572 623; x_wconf 87' lang='lat' dir='ltr'>milium</span> <span class='ocrx_word' id='word_1_34' title='bbox 602 585 849 635; x_wconf 76' lang='lat' dir='ltr'>tisanamque</span> <span class='ocrx_word' id='word_1_35' title='bbox 878 586 1090 635; x_wconf 75' lang='lat' dir='ltr'>fabamque</span> <span class='ocrx_word' id='word_1_36' title='bbox 1120 585 1274 623; x_wconf 86' lang='lat' dir='ltr'>solebas</span> <span class='ocrx_word' id='word_1_37' title='bbox 1431 598 1448 629; x_wconf 90' lang='lat'>5</span> 
     </span>
     <span class='ocr_line' id='line_1_8' title="bbox 172 649 1120 700; baseline 0 -13"><span class='ocrx_word' id='word_1_38' title='bbox 172 652 342 689; x_wconf 85' lang='lat' dir='ltr'>vendere</span> <span class='ocrx_word' id='word_1_39' title='bbox 372 650 644 700; x_wconf 75' lang='lat' dir='ltr'>pragmatich</span> <span class='ocrx_word' id='word_1_40' title='bbox 677 664 783 688; x_wconf 89' lang='lat' dir='ltr'>nunc</span> <span class='ocrx_word' id='word_1_41' title='bbox 813 650 910 688; x_wconf 88' lang='lat' dir='ltr'>emis</span> <span class='ocrx_word' id='word_1_42' title='bbox 940 649 1120 700; x_wconf 84' lang='lat' dir='ltr'>agricola.</span> 
     </span>
    </p>
   </div>
   <div class='ocr_carea' id='block_1_4' title="bbox 585 746 766 781">
    <p class='ocr_par' dir='ltr' id='par_1_6' title="bbox 585 746 766 781">
     <span class='ocr_line' id='line_1_9' title="bbox 585 746 766 781; baseline 0 0"><span class='ocrx_word' id='word_1_43' title='bbox 585 746 766 781; x_wconf 79' lang='lat' dir='ltr'>LXXIII</span> 
     </span>
    </p>
   </div>
   <div class='ocr_carea' id='block_1_5' title="bbox 226 825 979 940">
    <p class='ocr_par' dir='ltr' id='par_1_7' title="bbox 226 825 979 940">
     <span class='ocr_line' id='line_1_10' title="bbox 229 825 975 873; baseline 0 -10"><span class='ocrx_word' id='word_1_44' title='bbox 229 827 431 864; x_wconf 75' lang='lat' dir='ltr'>Heredem</span> <span class='ocrx_word' id='word_1_45' title='bbox 462 826 532 864; x_wconf 86' lang='lat' dir='ltr'>tibi</span> <span class='ocrx_word' id='word_1_46' title='bbox 563 840 636 873; x_wconf 84' lang='lat' dir='ltr'>me,</span> <span class='ocrx_word' id='word_1_47' title='bbox 670 827 835 872; x_wconf 81' lang='lat' dir='ltr'>Catulle,</span> <span class='ocrx_word' id='word_1_48' title='bbox 868 825 975 864; x_wconf 84' lang='lat' dir='ltr'>dicis.</span> 
     </span>
     <span class='ocr_line' id='line_1_11' title="bbox 226 890 979 940; baseline 0.003 -13"><span class='ocrx_word' id='word_1_49' title='bbox 226 904 305 928; x_wconf 88' lang='lat' dir='ltr'>non</span> <span class='ocrx_word' id='word_1_50' title='bbox 336 892 504 938; x_wconf 84' lang='lat' dir='ltr'>credam,</span> <span class='ocrx_word' id='word_1_51' title='bbox 538 890 611 929; x_wconf 88' lang='lat' dir='ltr'>nisi</span> <span class='ocrx_word' id='word_1_52' title='bbox 641 892 781 940; x_wconf 74' lang='lat' dir='ltr'>legem,</span> <span class='ocrx_word' id='word_1_53' title='bbox 814 891 979 930; x_wconf 81' lang='lat' dir='ltr'>Catulle.</span> 
     </span>
    </p>
   </div>
   <div class='ocr_carea' id='block_1_6' title="bbox 589 996 765 1032">
    <p class='ocr_par' dir='ltr' id='par_1_8' title="bbox 589 996 765 1032">
     <span class='ocr_line' id='line_1_12' title="bbox 589 996 765 1032; baseline -0.006 0"><span class='ocrx_word' id='word_1_54' title='bbox 589 996 765 1032; x_wconf 90' lang='lat' dir='ltr'>LXXIV</span> 
     </span>
    </p>
   </div>
   <div class='ocr_carea' id='block_1_7' title="bbox 120 1076 1451 1712">
    <p class='ocr_par' dir='ltr' id='par_1_9' title="bbox 120 1076 1114 1192">
     <span class='ocr_line' id='line_1_13' title="bbox 120 1076 1114 1127; baseline 0 -13"><span class='ocrx_word' id='word_1_55' title='bbox 120 1079 227 1114; x_wconf 86' lang='lat' dir='ltr'>Dum</span> <span class='ocrx_word' id='word_1_56' title='bbox 258 1076 327 1115; x_wconf 88' lang='lat' dir='ltr'>tibi</span> <span class='ocrx_word' id='word_1_57' title='bbox 358 1076 534 1115; x_wconf 89' lang='lat' dir='ltr'>Niliacus</span> <span class='ocrx_word' id='word_1_58' title='bbox 564 1084 693 1127; x_wconf 87' lang='lat' dir='ltr'>portat</span> <span class='ocrx_word' id='word_1_59' title='bbox 721 1079 899 1126; x_wconf 87' lang='lat' dir='ltr'>crystalla</span> <span class='ocrx_word' id='word_1_60' title='bbox 927 1078 1114 1127; x_wconf 79' lang='lat' dir='ltr'>cataplus,</span> 
     </span>
     <span class='ocr_line' id='line_1_14' title="bbox 171 1141 926 1192; baseline -0.001 -12"><span class='ocrx_word' id='word_1_61' title='bbox 171 1141 306 1192; x_wconf 79' lang='lat' dir='ltr'>accipe</span> <span class='ocrx_word' id='word_1_62' title='bbox 336 1143 386 1180; x_wconf 91' lang='lat' dir='ltr'>de</span> <span class='ocrx_word' id='word_1_63' title='bbox 415 1141 519 1181; x_wconf 92' lang='lat' dir='ltr'>circo</span> <span class='ocrx_word' id='word_1_64' title='bbox 548 1143 691 1192; x_wconf 88' lang='lat' dir='ltr'>pocula</span> <span class='ocrx_word' id='word_1_65' title='bbox 721 1142 926 1180; x_wconf 85' lang='lat' dir='ltr'>Flaminio.</span> 
     </span>
    </p>

    <p class='ocr_par' dir='ltr' id='par_1_10' title="bbox 121 1206 1145 1323">
     <span class='ocr_line' id='line_1_15' title="bbox 121 1206 1145 1257; baseline 0 -13"><span class='ocrx_word' id='word_1_66' title='bbox 121 1207 177 1244; x_wconf 89' lang='lat' dir='ltr'>Hi</span> <span class='ocrx_word' id='word_1_67' title='bbox 206 1206 328 1257; x_wconf 82' lang='lat' dir='ltr'>magis</span> <span class='ocrx_word' id='word_1_68' title='bbox 357 1208 538 1255; x_wconf 83' lang='lat' dir='ltr'>audaces,</span> <span class='ocrx_word' id='word_1_69' title='bbox 568 1221 618 1245; x_wconf 88' lang='lat' dir='ltr'>an</span> <span class='ocrx_word' id='word_1_70' title='bbox 649 1214 740 1245; x_wconf 90' lang='lat' dir='ltr'>sunt</span> <span class='ocrx_word' id='word_1_71' title='bbox 768 1207 835 1257; x_wconf 85' lang='lat' dir='ltr'>qui</span> <span class='ocrx_word' id='word_1_72' title='bbox 865 1207 956 1245; x_wconf 85' lang='lat' dir='ltr'>talia</span> <span class='ocrx_word' id='word_1_73' title='bbox 984 1206 1145 1244; x_wconf 87' lang='lat' dir='ltr'>mittunt</span> 
     </span>
     <span class='ocr_line' id='line_1_16' title="bbox 172 1271 1132 1323; baseline 0 -13"><span class='ocrx_word' id='word_1_74' title='bbox 172 1274 362 1310; x_wconf 87' lang='lat' dir='ltr'>munera?</span> <span class='ocrx_word' id='word_1_75' title='bbox 414 1274 492 1311; x_wconf 87' lang='lat' dir='ltr'>Sed</span> <span class='ocrx_word' id='word_1_76' title='bbox 520 1273 686 1323; x_wconf 85' lang='lat' dir='ltr'>gemmis</span> <span class='ocrx_word' id='word_1_77' title='bbox 713 1272 855 1311; x_wconf 87' lang='lat' dir='ltr'>vilibus</span> <span class='ocrx_word' id='word_1_78' title='bbox 885 1286 978 1310; x_wconf 86' lang='lat' dir='ltr'>usus</span> <span class='ocrx_word' id='word_1_79' title='bbox 1007 1271 1132 1310; x_wconf 87' lang='lat' dir='ltr'>inest:</span> 
     </span>
    </p>

    <p class='ocr_par' dir='ltr' id='par_1_11' title="bbox 120 1337 1448 1452">
     <span class='ocr_line' id='line_1_17' title="bbox 120 1337 1448 1385; baseline -0.002 -10"><span class='ocrx_word' id='word_1_80' title='bbox 120 1339 271 1375; x_wconf 90' lang='lat' dir='ltr'>nullum</span> <span class='ocrx_word' id='word_1_81' title='bbox 301 1337 512 1376; x_wconf 82' lang='lat' dir='ltr'>sollicitant</span> <span class='ocrx_word' id='word_1_82' title='bbox 541 1339 648 1385; x_wconf 88' lang='lat' dir='ltr'>haec,</span> <span class='ocrx_word' id='word_1_83' title='bbox 682 1339 833 1385; x_wconf 85' lang='lat' dir='ltr'>Flacce‚</span> <span class='ocrx_word' id='word_1_84' title='bbox 866 1344 1085 1376; x_wconf 82' lang='lat' dir='ltr'>toreumata</span> <span class='ocrx_word' id='word_1_85' title='bbox 1114 1338 1238 1375; x_wconf 87' lang='lat' dir='ltr'>furem</span> <span class='ocrx_word' id='word_1_86' title='bbox 1433 1353 1448 1382; x_wconf 72' lang='lat'><strong>5</strong></span> 
     </span>
     <span class='ocr_line' id='line_1_18' title="bbox 175 1402 1052 1452; baseline 0 -12"><span class='ocrx_word' id='word_1_87' title='bbox 175 1410 213 1441; x_wconf 92' lang='lat' dir='ltr'>et</span> <span class='ocrx_word' id='word_1_88' title='bbox 242 1402 408 1440; x_wconf 89' lang='lat' dir='ltr'>nimium</span> <span class='ocrx_word' id='word_1_89' title='bbox 439 1402 576 1442; x_wconf 87' lang='lat' dir='ltr'>calidis</span> <span class='ocrx_word' id='word_1_90' title='bbox 606 1416 687 1441; x_wconf 91' lang='lat' dir='ltr'>non</span> <span class='ocrx_word' id='word_1_91' title='bbox 717 1402 901 1440; x_wconf 88' lang='lat' dir='ltr'>vitiantur</span> <span class='ocrx_word' id='word_1_92' title='bbox 930 1402 1052 1452; x_wconf 83' lang='lat' dir='ltr'>aquiS.</span> 
     </span>
    </p>

    <p class='ocr_par' dir='ltr' id='par_1_12' title="bbox 122 1467 1102 1572">
     <span class='ocr_line' id='line_1_19' title="bbox 122 1467 1065 1518; baseline 0 -13"><span class='ocrx_word' id='word_1_93' title='bbox 122 1467 218 1517; x_wconf 87' lang='lat' dir='ltr'>quid</span> <span class='ocrx_word' id='word_1_94' title='bbox 247 1469 356 1517; x_wconf 88' lang='lat' dir='ltr'>quod</span> <span class='ocrx_word' id='word_1_95' title='bbox 385 1481 523 1506; x_wconf 89' lang='lat' dir='ltr'>securo</span> <span class='ocrx_word' id='word_1_96' title='bbox 553 1476 662 1518; x_wconf 86' lang='lat' dir='ltr'>potat</span> <span class='ocrx_word' id='word_1_97' title='bbox 692 1467 858 1506; x_wconf 86' lang='lat' dir='ltr'>conviva</span> <span class='ocrx_word' id='word_1_98' title='bbox 887 1467 1065 1505; x_wconf 88' lang='lat' dir='ltr'>ministro</span> 
     </span>
     <span class='ocr_line' id='line_1_20' title="bbox 174 1533 1102 1572; baseline -0.001 -2"><span class='ocrx_word' id='word_1_99' title='bbox 174 1540 212 1570; x_wconf 91' lang='lat' dir='ltr'>et</span> <span class='ocrx_word' id='word_1_100' title='bbox 241 1546 376 1570; x_wconf 88' lang='lat' dir='ltr'>casum</span> <span class='ocrx_word' id='word_1_101' title='bbox 406 1535 595 1571; x_wconf 88' lang='lat' dir='ltr'>tremulae</span> <span class='ocrx_word' id='word_1_102' title='bbox 624 1546 705 1571; x_wconf 90' lang='lat' dir='ltr'>non</span> <span class='ocrx_word' id='word_1_103' title='bbox 736 1533 899 1572; x_wconf 84' lang='lat' dir='ltr'>timuere</span> <span class='ocrx_word' id='word_1_104' title='bbox 930 1534 1102 1570; x_wconf 90' lang='lat' dir='ltr'>manus?</span> 
     </span>
    </p>

    <p class='ocr_par' dir='ltr' id='par_1_13' title="bbox 122 1594 1451 1712">
     <span class='ocr_line' id='line_1_21' title="bbox 122 1594 1330 1648; baseline -0.003 -12"><span class='ocrx_word' id='word_1_105' title='bbox 122 1599 215 1636; x_wconf 90' lang='lat' dir='ltr'>Hoc</span> <span class='ocrx_word' id='word_1_106' title='bbox 245 1611 404 1648; x_wconf 83' lang='lat' dir='ltr'>quoque</span> <span class='ocrx_word' id='word_1_107' title='bbox 434 1612 514 1636; x_wconf 92' lang='lat' dir='ltr'>non</span> <span class='ocrx_word' id='word_1_108' title='bbox 544 1597 641 1635; x_wconf 84' lang='lat' dir='ltr'>nihil</span> <span class='ocrx_word' id='word_1_109' title='bbox 670 1606 738 1645; x_wconf 86' lang='lat' dir='ltr'>est,</span> <span class='ocrx_word' id='word_1_110' title='bbox 771 1599 879 1647; x_wconf 87' lang='lat' dir='ltr'>quod</span> <span class='ocrx_word' id='word_1_111' title='bbox 910 1595 1138 1647; x_wconf 83' lang='lat' dir='ltr'>propinabis</span> <span class='ocrx_word' id='word_1_112' title='bbox 1168 1595 1207 1633; x_wconf 91' lang='lat' dir='ltr'>in</span> <span class='ocrx_word' id='word_1_113' title='bbox 1237 1594 1330 1640; x_wconf 76' lang='lat' dir='ltr'>istis,</span> 
     </span>
     <span class='ocr_line' id='line_1_22' title="bbox 175 1661 1451 1712; baseline -0.001 -12"><span class='ocrx_word' id='word_1_114' title='bbox 175 1664 413 1712; x_wconf 81' lang='lat' dir='ltr'>frangendus</span> <span class='ocrx_word' id='word_1_115' title='bbox 443 1662 557 1701; x_wconf 85' lang='lat' dir='ltr'>fuerit</span> <span class='ocrx_word' id='word_1_116' title='bbox 586 1662 617 1700; x_wconf 90' lang='lat' dir='ltr'>si</span> <span class='ocrx_word' id='word_1_117' title='bbox 647 1662 728 1710; x_wconf 90' lang='lat' dir='ltr'>tibi,</span> <span class='ocrx_word' id='word_1_118' title='bbox 762 1664 912 1710; x_wconf 84' lang='lat' dir='ltr'>Flacce,</span> <span class='ocrx_word' id='word_1_119' title='bbox 945 1661 1053 1700; x_wconf 86' lang='lat' dir='ltr'>calix.</span> <span class='ocrx_word' id='word_1_120' title='bbox 1415 1676 1451 1697; x_wconf 84' lang='lat'>10</span> 
     </span>
    </p>
   </div>
   <div class='ocr_carea' id='block_1_8' title="bbox 609 1762 760 1799">
    <p class='ocr_par' dir='ltr' id='par_1_14' title="bbox 609 1762 760 1799">
     <span class='ocr_line' id='line_1_23' title="bbox 609 1762 760 1799; baseline -0.007 0"><span class='ocrx_word' id='word_1_121' title='bbox 609 1762 760 1799; x_wconf 91' lang='lat' dir='ltr'>LXXV</span> 
     </span>
    </p>
   </div>
   <div class='ocr_carea' id='block_1_9' title="bbox 230 1843 1167 2088">
    <p class='ocr_par' dir='ltr' id='par_1_15' title="bbox 232 1843 935 1893">
     <span class='ocr_line' id='line_1_24' title="bbox 232 1843 935 1893; baseline -0.003 -11"><span class='ocrx_word' id='word_1_122' title='bbox 232 1843 406 1882; x_wconf 83' lang='lat' dir='ltr'>Festinat</span> <span class='ocrx_word' id='word_1_123' title='bbox 435 1843 652 1893; x_wconf 89' lang='lat' dir='ltr'>Polytimus</span> <span class='ocrx_word' id='word_1_124' title='bbox 681 1844 732 1881; x_wconf 87' lang='lat' dir='ltr'>ad</span> <span class='ocrx_word' id='word_1_125' title='bbox 761 1844 910 1893; x_wconf 89' lang='lat' dir='ltr'>puellas</span> <span class='ocrx_word' id='word_1_126' title='bbox 926 1857 935 1890; x_wconf 78' lang='lat'><em>3</em></span> 
     </span>
    </p>

    <p class='ocr_par' dir='ltr' id='par_1_16' title="bbox 231 1908 968 1958">
     <span class='ocr_line' id='line_1_25' title="bbox 231 1908 968 1958; baseline -0.001 -12"><span class='ocrx_word' id='word_1_127' title='bbox 231 1908 374 1946; x_wconf 86' lang='lat' dir='ltr'>invitus</span> <span class='ocrx_word' id='word_1_128' title='bbox 404 1922 569 1958; x_wconf 90' lang='lat' dir='ltr'>puerum</span> <span class='ocrx_word' id='word_1_129' title='bbox 599 1909 741 1946; x_wconf 86' lang='lat' dir='ltr'>fatetur</span> <span class='ocrx_word' id='word_1_130' title='bbox 771 1909 942 1957; x_wconf 89' lang='lat' dir='ltr'>Hypnus</span> <span class='ocrx_word' id='word_1_131' title='bbox 958 1922 968 1955; x_wconf 78' lang='lat'><em>3</em></span> 
     </span>
    </p>

    <p class='ocr_par' dir='ltr' id='par_1_17' title="bbox 230 1973 1167 2088">
     <span class='ocr_line' id='line_1_26' title="bbox 230 1973 1069 2024; baseline -0.001 -13"><span class='ocrx_word' id='word_1_132' title='bbox 230 1981 360 2024; x_wconf 86' lang='lat' dir='ltr'>pastas</span> <span class='ocrx_word' id='word_1_133' title='bbox 388 1975 531 2024; x_wconf 83' lang='lat' dir='ltr'>glande</span> <span class='ocrx_word' id='word_1_134' title='bbox 559 1973 660 2011; x_wconf 86' lang='lat' dir='ltr'>natis</span> <span class='ocrx_word' id='word_1_135' title='bbox 689 1974 810 2011; x_wconf 87' lang='lat' dir='ltr'>habet</span> <span class='ocrx_word' id='word_1_136' title='bbox 839 1973 1044 2011; x_wconf 87' lang='lat' dir='ltr'>Secundus</span> <span class='ocrx_word' id='word_1_137' title='bbox 1059 1987 1069 2019; x_wconf 80' lang='grc'>,-</span> 
     </span>
     <span class='ocr_line' id='line_1_27' title="bbox 233 2038 1167 2088; baseline -0.001 -13"><span class='ocrx_word' id='word_1_138' title='bbox 233 2038 360 2076; x_wconf 89' lang='lat' dir='ltr'>mollis</span> <span class='ocrx_word' id='word_1_139' title='bbox 392 2038 615 2088; x_wconf 87' lang='lat' dir='ltr'>Dindymus</span> <span class='ocrx_word' id='word_1_140' title='bbox 646 2046 704 2076; x_wconf 89' lang='lat' dir='ltr'>est</span> <span class='ocrx_word' id='word_1_141' title='bbox 733 2039 803 2076; x_wconf 87' lang='lat' dir='ltr'>sed</span> <span class='ocrx_word' id='word_1_142' title='bbox 832 2051 917 2076; x_wconf 87' lang='lat' dir='ltr'>esse</span> <span class='ocrx_word' id='word_1_143' title='bbox 951 2050 1032 2075; x_wconf 87' lang='lat' dir='ltr'>non</span> <span class='ocrx_word' id='word_1_144' title='bbox 1062 2038 1167 2083; x_wconf 75' lang='lat' dir='ltr'>vult3</span> 
     </span>
    </p>
   </div>
   <div class='ocr_carea' id='block_1_10' title="bbox 170 2104 1452 2164">
    <p class='ocr_par' dir='ltr' id='par_1_18' title="bbox 170 2104 1452 2164">
     <span class='ocr_line' id='line_1_28' title="bbox 170 2104 1452 2164; baseline -0.002 -10"><span class='ocrx_word' id='word_1_145' title='bbox 170 2123 301 2154; x_wconf 90' lang='lat' dir='ltr'>LXXII</span> <span class='ocrx_word' id='word_1_146' title='bbox 326 2135 376 2155; x_wconf 87' lang='lat' dir='ltr'>vv.</span> <span class='ocrx_word' id='word_1_147' title='bbox 403 2126 469 2164; x_wconf 85' lang='lat'>5-6</span> <span class='ocrx_word' id='word_1_148' title='bbox 492 2123 566 2156; x_wconf 79' lang='lat' dir='ltr'>lzab.</span> <span class='ocrx_word' id='word_1_149' title='bbox 602 2124 632 2155; x_wconf 90' lang='lat' dir='ltr'><em>T</em></span> <span class='ocrx_word' id='word_1_150' title='bbox 715 2135 734 2154; x_wconf 86' lang='lat'><strong>2</strong></span> <span class='ocrx_word' id='word_1_151' title='bbox 759 2104 953 2164; x_wconf 83' lang='lat' dir='ltr'>compactae</span> <span class='ocrx_word' id='word_1_152' title='bbox 976 2123 1052 2155; x_wconf 66' lang='lat' dir='ltr'>BA:</span> <span class='ocrx_word' id='word_1_153' title='bbox 1087 2127 1242 2162; x_wconf 88' lang='lat' dir='ltr'>comptae</span> <span class='ocrx_word' id='word_1_154' title='bbox 1271 2121 1321 2152; x_wconf 75' lang='lat' dir='ltr'>CA</span> <span class='ocrx_word' id='word_1_155' title='bbox 1350 2122 1452 2162; x_wconf 86' lang='lat' dir='ltr'>(com-</span> 
     </span>
    </p>
   </div>
   <div class='ocr_carea' id='block_1_11' title="bbox 121 2165 1453 2338">
    <p class='ocr_par' dir='ltr' id='par_1_19' title="bbox 121 2165 1453 2338">
     <span class='ocr_line' id='line_1_29' title="bbox 127 2165 1453 2207; baseline -0.002 -10"><span class='ocrx_word' id='word_1_156' title='bbox 127 2167 256 2207; x_wconf 85' lang='lat' dir='ltr'>positae</span> <span class='ocrx_word' id='word_1_157' title='bbox 294 2166 334 2207; x_wconf 79' lang='lat' dir='ltr'>V)</span> <span class='ocrx_word' id='word_1_158' title='bbox 496 2178 516 2207; x_wconf 85' lang='lat'><strong>3</strong></span> <span class='ocrx_word' id='word_1_159' title='bbox 540 2168 668 2198; x_wconf 85' lang='lat' dir='ltr'>urbana</span> <span class='ocrx_word' id='word_1_160' title='bbox 700 2168 754 2198; x_wconf 78' lang='lat' dir='ltr'>BA</span> <span class='ocrx_word' id='word_1_161' title='bbox 907 2179 925 2205; x_wconf 86' lang='lat'><strong>4</strong></span> <span class='ocrx_word' id='word_1_162' title='bbox 950 2172 1029 2197; x_wconf 84' lang='lat' dir='ltr'>sunt</span> <span class='ocrx_word' id='word_1_163' title='bbox 1053 2166 1128 2198; x_wconf 70' lang='lat' dir='ltr'>BA:</span> <span class='ocrx_word' id='word_1_164' title='bbox 1153 2166 1214 2196; x_wconf 83' lang='lat' dir='ltr'>sed</span> <span class='ocrx_word' id='word_1_165' title='bbox 1241 2165 1289 2196; x_wconf 70' lang='lat' dir='ltr'>CA</span> <span class='ocrx_word' id='word_1_166' title='bbox 1378 2175 1453 2195; x_wconf 84' lang='lat' dir='ltr'>rara</span> 
     </span>
     <span class='ocr_line' id='line_1_30' title="bbox 126 2208 1450 2251; baseline -0.002 -11"><span class='ocrx_word' id='word_1_167' title='bbox 126 2211 204 2241; x_wconf 77' lang='lat' dir='ltr'>BA:</span> <span class='ocrx_word' id='word_1_168' title='bbox 227 2215 319 2241; x_wconf 86' lang='lat' dir='ltr'>certa</span> <span class='ocrx_word' id='word_1_169' title='bbox 345 2210 394 2241; x_wconf 77' lang='lat' dir='ltr'>CA</span> <span class='ocrx_word' id='word_1_170' title='bbox 481 2213 502 2241; x_wconf 89' lang='lat'>6</span> <span class='ocrx_word' id='word_1_171' title='bbox 526 2211 754 2251; x_wconf 85' lang='lat' dir='ltr'>pragmaticos</span> <span class='ocrx_word' id='word_1_172' title='bbox 773 2211 821 2242; x_wconf 77' lang='lat' dir='ltr'>CA</span> <span class='ocrx_word' id='word_1_173' title='bbox 1035 2209 1186 2240; x_wconf 90' lang='lat' dir='ltr'>LXXIII</span> <span class='ocrx_word' id='word_1_174' title='bbox 1212 2220 1231 2239; x_wconf 86' lang='lat'><strong>2</strong></span> <span class='ocrx_word' id='word_1_175' title='bbox 1256 2209 1357 2239; x_wconf 86' lang='lat' dir='ltr'>credo</span> <span class='ocrx_word' id='word_1_176' title='bbox 1374 2208 1450 2238; x_wconf 65' lang='lat' dir='ltr'>BA:</span> 
     </span>
     <span class='ocr_line' id='line_1_31' title="bbox 126 2252 1451 2292; baseline -0.002 -8"><span class='ocrx_word' id='word_1_177' title='bbox 126 2255 262 2285; x_wconf 84' lang='lat' dir='ltr'>credam</span> <span class='ocrx_word' id='word_1_178' title='bbox 280 2254 329 2284; x_wconf 81' lang='lat' dir='ltr'>CA</span> <span class='ocrx_word' id='word_1_179' title='bbox 739 2254 885 2285; x_wconf 89' lang='lat' dir='ltr'>LXXIV</span> <span class='ocrx_word' id='word_1_180' title='bbox 908 2265 927 2292; x_wconf 83' lang='lat'>4</span> <span class='ocrx_word' id='word_1_181' title='bbox 952 2253 1098 2292; x_wconf 84' lang='lat' dir='ltr'>geminis</span> <span class='ocrx_word' id='word_1_182' title='bbox 1126 2252 1284 2291; x_wconf 70' lang='lat' dir='ltr'>(PXAV‘,</span> <span class='ocrx_word' id='word_1_183' title='bbox 1305 2252 1382 2291; x_wconf 65' lang='lat' dir='ltr'>alit)</span> <span class='ocrx_word' id='word_1_184' title='bbox 1403 2252 1451 2289; x_wconf 52' lang='lat' dir='ltr'>tin</span> 
     </span>
     <span class='ocr_line' id='line_1_32' title="bbox 121 2294 1451 2338; baseline -0.002 -11"><span class='ocrx_word' id='word_1_185' title='bbox 121 2303 183 2338; x_wconf 81' lang='lat' dir='ltr'>pro</span> <span class='ocrx_word' id='word_1_186' title='bbox 200 2302 259 2335; x_wconf 56' lang='grc' dir='ltr'>ΠΥ,</span> <span class='ocrx_word' id='word_1_187' title='bbox 280 2296 365 2328; x_wconf 80' lang='lat' dir='ltr'>unde</span> <span class='ocrx_word' id='word_1_188' title='bbox 380 2297 534 2336; x_wconf 83' lang='lat' dir='ltr'>geminus</span> <span class='ocrx_word' id='word_1_189' title='bbox 553 2298 712 2329; x_wconf 75' lang='lat' dir='ltr'>Gruterus</span> <span class='ocrx_word' id='word_1_190' title='bbox 794 2298 932 2328; x_wconf 84' lang='lat' dir='ltr'>utilibus</span> <span class='ocrx_word' id='word_1_191' title='bbox 950 2297 999 2327; x_wconf 78' lang='lat' dir='ltr'>CA</span> <span class='ocrx_word' id='word_1_192' title='bbox 1122 2307 1137 2335; x_wconf 88' lang='lat'>7</span> <span class='ocrx_word' id='word_1_193' title='bbox 1163 2296 1242 2334; x_wconf 87' lang='lat' dir='ltr'>quid</span> <span class='ocrx_word' id='word_1_194' title='bbox 1259 2294 1367 2334; x_wconf 86' lang='lat' dir='ltr'>quod]</span> <span class='ocrx_word' id='word_1_195' title='bbox 1388 2305 1451 2325; x_wconf 83' lang='lat' dir='ltr'>nec</span> 
     </span>
    </p>
   </div>
   <div class='ocr_carea' id='block_1_12' title="bbox 127 2338 1451 2424">
    <p class='ocr_par' dir='ltr' id='par_1_20' title="bbox 127 2338 1451 2424">
     <span class='ocr_line' id='line_1_33' title="bbox 127 2338 1451 2380; baseline -0.004 -9"><span class='ocrx_word' id='word_1_196' title='bbox 127 2341 213 2371; x_wconf 86' lang='lat' dir='ltr'>male</span> <span class='ocrx_word' id='word_1_197' title='bbox 229 2341 266 2371; x_wconf 91' lang='lat' dir='ltr'><em>N</em></span> <span class='ocrx_word' id='word_1_198' title='bbox 360 2341 379 2370; x_wconf 88' lang='lat'>8</span> <span class='ocrx_word' id='word_1_199' title='bbox 404 2351 466 2371; x_wconf 86' lang='lat' dir='ltr'>nec</span> <span class='ocrx_word' id='word_1_200' title='bbox 483 2351 510 2371; x_wconf 92' lang='lat' dir='ltr'>c.</span> <span class='ocrx_word' id='word_1_201' title='bbox 529 2346 568 2371; x_wconf 80' lang='lat' dir='ltr'>tr.</span> <span class='ocrx_word' id='word_1_202' title='bbox 586 2342 792 2380; x_wconf 85' lang='lat' dir='ltr'>pertimuere</span> <span class='ocrx_word' id='word_1_203' title='bbox 807 2340 846 2371; x_wconf 92' lang='lat' dir='ltr'><em>N</em></span> <span class='ocrx_word' id='word_1_204' title='bbox 946 2351 967 2380; x_wconf 90' lang='lat'><strong>9</strong></span> <span class='ocrx_word' id='word_1_205' title='bbox 990 2350 1125 2379; x_wconf 90' lang='lat' dir='ltr'>quoquo</span> <span class='ocrx_word' id='word_1_206' title='bbox 1144 2339 1239 2379; x_wconf 81' lang='lat' dir='ltr'><em>(EA)</em></span> <span class='ocrx_word' id='word_1_207' title='bbox 1256 2338 1307 2369; x_wconf 81' lang='lat' dir='ltr'>vel</span> <span class='ocrx_word' id='word_1_208' title='bbox 1319 2348 1451 2376; x_wconf 85' lang='lat' dir='ltr'>quoque</span> 
     </span>
     <span class='ocr_line' id='line_1_34' title="bbox 129 2379 1429 2424; baseline -0.003 -10"><span class='ocrx_word' id='word_1_209' title='bbox 129 2384 177 2414; x_wconf 78' lang='lat' dir='ltr'>CA</span> <span class='ocrx_word' id='word_1_210' title='bbox 484 2384 610 2416; x_wconf 91' lang='lat' dir='ltr'>LXXV</span> <span class='ocrx_word' id='word_1_211' title='bbox 634 2395 653 2415; x_wconf 84' lang='lat'><em>2</em></span> <span class='ocrx_word' id='word_1_212' title='bbox 678 2385 825 2424; x_wconf 84' lang='lat' dir='ltr'>hymnus</span> <span class='ocrx_word' id='word_1_213' title='bbox 841 2385 920 2415; x_wconf 67' lang='lat' dir='ltr'>BA:</span> <span class='ocrx_word' id='word_1_214' title='bbox 944 2385 1079 2423; x_wconf 85' lang='lat' dir='ltr'>hypnus</span> <span class='ocrx_word' id='word_1_215' title='bbox 1098 2383 1146 2414; x_wconf 76' lang='lat' dir='ltr'>CA</span> <span class='ocrx_word' id='word_1_216' title='bbox 1245 2393 1264 2421; x_wconf 89' lang='lat'>4</span> <span class='ocrx_word' id='word_1_217' title='bbox 1288 2392 1353 2412; x_wconf 84' lang='lat' dir='ltr'>om.</span> <span class='ocrx_word' id='word_1_218' title='bbox 1375 2379 1429 2410; x_wconf 74' lang='lat' dir='ltr'>BA</span> 
     </span>
    </p>
   </div>
  </div>
 </body>
</html>
