1684 2763
786 164 1044 201 EPIGRAM
1052 162 1254 201 MATON
1286 162 1339 199 LI
1347 163 1389 199 Β.
1421 162 1522 199 XIV

615 275 783 312 CLXII.
814 275 997 310 ffizemmz.

196 346 389 383 Fraudata
418 351 567 383 tumeat
596 343 738 393 fragilis
768 342 838 381 tibi
869 342 1011 381 culcita
1040 344 1155 380 mula.

246 424 326 448 non
355 409 461 448 venit
489 410 540 447 ad
570 410 689 447 duros
719 408 863 458 pallida
893 422 984 446 cura
1014 415 1130 446 toros.

538 509 570 546 C
577 508 692 545 LXII
702 508 730 545 Ι.
769 508 1074 545 D'lel'nalmlum.

196 579 338 616 Redde
367 578 510 628 pilam:
550 586 664 616 sonat
693 591 758 615 aes
789 579 1039 616 thermarum.
1100 577 1256 614 Ludere
1286 575 1441 626 pergis?

246 643 407 693 Virgine
436 643 492 681 vis
522 645 605 681 sola
634 645 736 681 lotus
765 642 873 681 abire
902 644 1078 681 domum.

623 743 805 781 CLXIV.
837 743 991 779 Discus.

194 812 410 863 Splendida
440 826 529 851 curn
559 812 723 850 volitant
753 811 931 862 Spartani
962 812 1138 861 pondera
1167 810 1278 858 disci,

247 886 330 916 este
359 880 507 928 procul,
540 877 675 928 pueri:
715 877 762 916 sit
793 878 913 915 semel
944 877 1008 915 ille
1037 890 1196 915 nocens.

620 978 778 1015 CLXV.
813 977 991 1015 Cilllcv'cl.

195 1048 387 1086 Reddidit
417 1047 642 1097 Eurydicen
671 1047 775 1085 vati:
814 1048 884 1085 sed
914 1046 1085 1096 perdidit
1114 1045 1209 1095 ipse,

247 1114 342 1152 dum
373 1113 447 1151 sibi
476 1126 556 1151 non
587 1112 709 1150 credit
739 1126 813 1150 nec
843 1112 1036 1162 patienter
1068 1118 1184 1149 amat.

637 1206 820 1245 CLXVI.
852 1206 971 1258 Idem.

196 1278 257 1315 De
287 1276 532 1327 Pompeiano
561 1290 678 1326 saepe
708 1283 766 1314 est
795 1275 919 1314 eiecta
948 1277 1102 1313 theatro

247 1355 349 1392 quae
379 1341 488 1380 duxit
518 1341 632 1380 silvas
662 1340 911 1390 detinuitque
940 1341 1051 1378 feras.

582 1436 790 1475 CLXVII.
820 1436 1026 1472 Plectrum.

196 1505 361 1544 Fervida
390 1519 440 1544 ne
469 1505 559 1544 trito
589 1505 660 1543 tibi
689 1505 830 1555 pollice
860 1506 1000 1554 pusula
1029 1511 1170 1553 surgat,

248 1579 438 1610 exornent
467 1571 639 1610 docilem
669 1570 840 1609 candida
869 1572 1016 1620 plectra
1044 1571 1177 1619 lyram.

582 1665 812 1704 CLXVIII.
851 1664 1026 1701 Trochus.

196 1736 431 1774 Inducenda
459 1743 544 1773 rota
573 1742 656 1773 est:
697 1735 766 1772 das
796 1733 912 1772 nobis
942 1733 1036 1771 utile
1066 1745 1237 1770 munus:

248 1800 321 1839 iste
351 1801 510 1839 trochus
540 1799 670 1850 pueris
699 1807 737 1838 at
768 1798 864 1837 mihi
894 1799 1061 1837 canthus
1091 1797 1175 1836 erit.

238 1904 367 1935 CLXII
392 1904 466 1936 lzab.
489 1905 518 1935 T
648 1914 661 1934 1
688 1904 814 1934 fracilis
834 1903 882 1933 CA
901 1903 942 1944 <C
955 1908 1016 1943 pro
1034 1903 1080 1943 G)
1096 1913 1101 1936 ;
1127 1902 1234 1933 facilis
1250 1900 1323 1931 DN
1437 1901 1526 1931 mula

194 1948 276 1979 AA:
300 1949 413 1988 pluma
429 1947 575 1978 BACAN
590 1949 639 1988 (cf.
657 1947 777 1978 CLXI.
802 1948 831 1985 Ι)

239 1992 383 2023 CLXIII
408 1992 480 2022 lzab.
504 1991 533 2022 T
621 2001 634 2021 1
663 1991 782 2021 Redde
797 2001 861 2021 om.
880 1989 929 2020 CA
1017 1994 1135 2020 sanata
1153 1999 1190 2019 es
1205 1988 1254 2019 CA
1343 1989 1525 2019 terinarum

201 2036 230 2066 T
248 2038 331 2076 (pro
359 2036 474 2071 term-3
566 2035 680 2065 lucere
699 2039 735 2065 ut
751 2034 813 2065 vid.
835 2034 883 2064 CA
903 2033 974 2067 (scd
988 2034 1105 2064 ludere
1122 2032 1179 2073 X)
1347 2043 1366 2062 2
1390 2042 1417 2063 5.
1437 2033 1526 2063 lotus

194 2079 276 2110 AA:
300 2090 325 2109 s.
347 2079 437 2109 solus
454 2077 508 2109 BA
527 2090 533 2109 :
557 2089 581 2110 s.
599 2079 701 2109 lotum
721 2078 768 2108 CA
856 2078 973 2107 habire
987 2080 1024 2107 ut
1038 2077 1100 2107 vid.
1121 2076 1169 2107 CA

239 2123 379 2153 CLXIV
402 2123 475 2153 lzab.
506 2122 535 2152 T
633 2133 647 2153 1
674 2122 756 2152 disci
780 2132 846 2152 om.
870 2121 899 2151 T
1027 2131 1046 2151 2
1070 2125 1142 2151 este
1161 2120 1302 2151 ΑΑΒΑι
1327 2124 1358 2149 te
1380 2118 1454 2150 CA:
1479 2119 1526 2149 ite

194 2166 354 2197 Heinsius
443 2166 558 2205 pueris
577 2165 625 2196 CA
715 2166 770 2196 illa
790 2166 836 2196 CA

238 2210 361 2240 CLXV
384 2209 456 2239 hab.
480 2209 508 2239 T
595 2219 609 2239 1
636 2210 705 2239 uoti
723 2209 776 2238 ΒΑ
911 2218 930 2238 2
955 2207 1032 2249 sibi]
1051 2208 1095 2238 sit
1118 2207 1148 2238 T

240 2253 379 2284 CLXVI
405 2253 477 2283 lmb.
504 2253 533 2283 T
619 2263 633 2282 1
661 2253 769 2283 electa
783 2251 870 2282 codd.
891 2254 969 2291 (pro
986 2251 1045 2290 ei-)

240 2296 401 2327 CLXVII
426 2297 497 2327 lmb.
528 2296 558 2326 T
654 2307 666 2326 1
695 2297 815 2336 pollice
832 2295 891 2326 tibi
911 2295 959 2325 CA
977 2299 1014 2325 ut
1030 2294 1092 2325 tud.
1184 2293 1297 2334 pusuli
1320 2293 1367 2324 T:
1394 2291 1525 2332 pulsula

196 2339 251 2370 BA
268 2352 273 2372 ι
301 2340 444 2380 punsula
459 2339 508 2370 CA
596 2350 615 2370 2
640 2345 785 2370 exornet
802 2339 852 2370 T:
876 2343 1045 2369 exornent
1061 2337 1142 2379 (Qf)
1158 2338 1208 2368 vel
1218 2341 1363 2368 exorent
1378 2336 1436 2375 (P)
1450 2336 1525 2366 BA:

196 2385 364 2415 exordent
381 2383 432 2413 CA
449 2383 520 2417 (sed
534 2384 727 2414 exhornent
747 2383 788 2421 V)
879 2383 1022 2413 candida
1039 2383 1118 2414 AA:
1143 2382 1277 2421 garrula
1292 2379 1401 2410 BACA

240 2427 417 2458 CLXVIII
441 2427 515 2458 hah.
539 2427 569 2458 T
655 2437 668 2458 1
696 2427 738 2457 da
761 2427 893 2468 T<cmn
910 2427 960 2467 A)
