1684 2763
253 146 309 182 M.
341 146 463 183 VAL.
497 146 809 184 MARTIALIS

252 270 325 295 nec
354 259 480 308 regale
510 258 625 296 nimis
654 259 803 297 fulmen
832 271 906 296 nec
936 258 1099 297 fulmine
1128 258 1248 309 digni,

306 322 426 361 scissa
454 338 527 362 nec
556 325 607 362 ad
639 326 780 362 Manes
811 325 881 362 sed
912 324 985 362 sibi
1015 324 1123 363 dives
1154 325 1321 362 humus:

250 388 374 426 laetus
403 389 454 426 ad
483 390 580 427 haec
610 389 812 438 facilisque
840 389 929 427 veni
959 389 1164 427 sollemnia
1194 388 1315 427 Prisci
1559 406 1576 436 5

303 453 468 502 gaudia:
507 468 597 491 cum
628 454 744 492 sacris
775 462 812 492 te
841 455 956 492 decet
985 468 1070 492 esse
1099 454 1185 492 tuis.

251 525 291 555 tu
321 519 507 557 reducem
536 519 682 569 patriae
713 527 830 565 sexta,
861 527 971 568 pater
999 519 1159 569 optime,
1191 520 1330 557 bruma

303 583 456 632 pacifici
486 583 598 621 Latia
626 584 757 622 reddis
786 584 837 621 ab
868 585 963 622 urbe
994 585 1161 622 Numae.

251 647 388 686 Cernis
418 656 459 686 ut
490 648 669 687 Ausonio
699 648 834 686 similis
865 648 935 687 tibi
966 662 1112 699 pompa
1142 650 1307 687 macello

304 714 474 762 pendeat
504 721 541 751 et
570 721 740 762 quantus
769 714 982 752 luxurietur
1010 715 1170 752 honos?
1541 731 1579 752 10

251 791 367 826 quam
398 791 479 816 non
509 792 625 828 parca
654 793 793 817 manus
822 781 1029 829 largaeque
1058 779 1295 817 nomismata
1325 793 1492 823 mensae,

304 856 415 892 quae,
448 844 623 889 Saturne,
657 844 727 882 tibi
756 852 1083 894 pernumerentur
1112 847 1236 895 opes?

250 915 370 956 utque
400 907 447 945 sit
477 908 537 945 his
567 908 733 958 pretium
764 909 910 948 meritis
940 917 978 948 et
1006 909 1127 959 gratia
1157 909 1289 956 maior,

303 980 340 1010 et
370 980 478 1022 pater
507 981 543 1011 et
573 974 670 1024 frugi
701 974 755 1012 sic
785 982 851 1012 tua
881 988 988 1013 sacra
1018 974 1121 1013 colit.

249 1040 301 1075 At
331 1045 371 1075 tu
401 1046 660 1076 sancte—tuo
690 1039 744 1077 sic
773 1053 927 1090 semper
955 1054 1085 1078 amere
1116 1039 1382 1078 Decembri-
1542 1053 1578 1085 15

302 1104 374 1139 hos
405 1102 458 1140 illi
488 1103 623 1141 iubeas
654 1118 770 1154 saepe
800 1105 925 1143 redire
955 1105 1050 1143 dies.

734 1188 876 1224 LXIII

355 1251 487 1287 Vncto
517 1252 706 1289 Corduba
734 1252 870 1289 laetior
896 1253 1081 1299 Venafro,

357 1314 492 1352 Histra
521 1329 594 1353 nec
625 1316 753 1353 minus
784 1317 964 1355 absoluta
993 1324 1102 1363 testa,

354 1379 431 1416 albi
462 1393 563 1429 quac
593 1394 751 1430 superas
781 1395 873 1420 oves
905 1381 1059 1419 Galaesi

354 1446 462 1481 nullo
493 1445 639 1483 murice
669 1460 741 1484 nec
771 1460 907 1484 cruore
936 1448 1116 1492 mendax,

354 1510 423 1546 sed
453 1509 583 1547 tinctis
612 1511 792 1560 gregibus
821 1513 952 1550 colore
981 1511 1097 1549 vivo:
1558 1527 1575 1559 5

354 1574 418 1611 dic
448 1583 586 1622 vestro,
618 1590 722 1625 rogo,
755 1576 801 1614 sit
832 1578 959 1626 pudor
988 1584 1128 1626 poetae

354 1653 426 1677 nec
456 1640 571 1689 gratis
602 1641 736 1680 recitet
768 1656 876 1680 meos
906 1642 1070 1680 libellos.

356 1706 522 1751 Ferrem,
555 1705 584 1742 si
614 1707 757 1745 faceret
787 1707 916 1745 bonus
945 1715 1072 1757 poeta,

354 1769 415 1807 cui
446 1783 603 1819 possem
635 1773 727 1809 dare
757 1780 915 1810 mutuos
945 1774 1111 1810 dolores.

354 1834 580 1884 Corrumpit
610 1835 693 1874 sine
723 1836 868 1874 talione
897 1838 1062 1886 caelepS‚
1537 1853 1575 1875 10

353 1912 493 1936 caecus
522 1901 685 1949 perdere
714 1914 794 1938 non
824 1908 953 1950 potest
983 1902 1091 1950 quod
1121 1901 1268 1938 aufert:

354 1963 407 2000 nil
437 1972 494 2001 est
524 1964 694 2002 (leterius
724 1967 874 2003 latrone
904 1967 1037 2003 nudo:

354 2028 408 2065 nil
438 2029 610 2067 securius
640 2038 698 2067 est
729 2032 832 2068 malo
862 2038 989 2080 pocta.

291 2103 385 2133 LXII
412 2114 431 2142 3
456 2105 555 2143 digne
571 2105 619 2135 CA
708 2117 725 2144 4
744 2107 850 2137 scisse
861 2106 916 2136 ΒΑ
969 2107 1030 2136 sed
1047 2106 1109 2154 sibi
1123 2106 1283 2136 Heinsius
1293 2105 1474 2147 Adversp.
1488 2117 1574 2146 515:

1064 2158 1071 2174 1

246 2190 311 2210 nec
330 2180 411 2210 mihi
425 2181 479 2210 BA
497 2182 630 2224 (glosa)
648 2194 654 2213 :
678 2184 738 2213 sed
758 2183 805 2214 sis
831 2183 879 2214 CA
903 2183 965 2221 (sis
982 2189 1043 2223 pro
1059 2193 1085 2217 S,
1106 2183 1125 2213 i.
1141 2194 1165 2213 e.
1187 2182 1266 2221 sibi)
1419 2192 1438 2222 5
1464 2183 1574 2216 lautus

247 2224 326 2254 BA:
349 2224 457 2254 laetus
484 2225 532 2255 CA
669 2237 703 2256 11
732 2238 799 2257 non
824 2237 888 2257 om.
919 2227 969 2257 CA
1070 2236 1165 2256 mens
1189 2231 1240 2256 est
1266 2226 1314 2256 CA
1341 2226 1451 2266 (mens
1474 2233 1574 2268 e-pro

246 2268 379 2299 mense}
489 2279 526 2298 12
553 2277 836 2308 pernumerantur
852 2270 930 2300 BA:
954 2275 1239 2309 pernumerentur
1257 2269 1306 2300 CA
1397 2280 1435 2308 15
1459 2281 1574 2303 amare

247 2312 338 2348 <cum
356 2310 399 2341 Lx
471 2312 651 2342 december
671 2313 719 2343 CA
825 2314 863 2343 16
888 2313 954 2343 illis
970 2313 1048 2343 BA:
1071 2313 1117 2343 illi
1138 2312 1184 2343 CA

294 2353 409 2384 LXIII
435 2365 454 2384 2
480 2355 599 2385 Lustra
616 2367 652 2386 se
672 2357 917 2393 (L11stras)nec
940 2357 989 2387 CA
1066 2366 1085 2394 3
1108 2356 1164 2395 qui
1175 2356 1230 2386 ΒΑ
1305 2356 1402 2397 oves]
1420 2357 1513 2388 soles
1525 2357 1574 2388 CA

248 2398 258 2431 ζ
268 2402 372 2437 praec.
393 2399 424 2431 sl,
515 2399 590 2437 gala
607 2404 658 2430 est
677 2399 725 2430 CA
855 2402 876 2430 6
900 2410 981 2439 rogo
997 2400 1057 2431 sit]
1073 2400 1155 2430 rosit
1174 2399 1223 2430 CA
1342 2410 1359 2439 7
1384 2400 1506 2432 recites
1525 2400 1574 2432 CA

248 2442 267 2470 8
291 2441 420 2472 Vellem
438 2441 493 2471 ΒΑ
508 2452 515 2472 :
541 2443 677 2473 Ferrem
697 2443 746 2473 CA
880 2454 919 2474 10
942 2454 1007 2474 om.
1025 2443 1081 2472 ΒΑ
