1684 2763
785 151 1256 192 EPIGRAMMATON
1291 155 1393 192 LIB.
1429 155 1486 192 IV

150 262 256 300 unde
286 261 402 300 miser
431 262 569 301 vives?
628 264 790 300 ‘Homo
820 270 959 310 certus,
993 264 1095 302 fidus
1125 265 1355 303 amicus—²

206 329 298 365 Hoc
330 326 424 365 nihil
455 336 539 366 est:
580 341 803 378 numquam
834 327 888 366 sic
920 328 1163 367 Philomelus
1194 330 1279 368 eris.
1452 348 1490 370 10

680 416 739 453 VI

260 484 378 524 Credi
409 484 556 535 virgine
586 484 729 523 castior
758 485 904 535 pudica

259 558 295 588 et
326 549 463 588 frontis
493 558 650 588 tenerae
679 550 790 600 cupis
820 550 954 597 videri,

259 629 349 653 cum
381 614 431 653 sis
462 615 675 665 inprobior,
709 615 930 663 Malisiane,

259 693 378 729 quam
408 679 475 729 qui
505 679 748 730 compositos
779 688 904 718 metro
933 680 1082 718 Tibulli

260 744 298 783 in
329 747 472 784 Stellae
501 744 637 783 recitat
667 746 790 784 domo
820 745 984 784 libellos.

666 835 749 872 VII

155 906 245 951 Cur,
278 906 370 943 here
400 906 508 955 quod
539 906 717 952 dederas,
750 905 881 952 hodie,
913 919 1010 955 puer
1042 907 1172 954 Hylle,
1205 907 1366 957 negasti,

207 971 328 1008 durus
358 977 438 1007 tam
469 969 602 1008 subito
633 969 699 1019 qui
733 971 854 1008 modo
885 969 990 1008 mitis
1021 973 1136 1009 eras?

154 1036 224 1073 sed
254 1034 332 1072 iam
363 1034 534 1072 causaris
565 1034 810 1084 barbamque
844 1048 1051 1085 annosque
1082 1035 1272 1085 pilosque.

208 1113 232 1138 o
262 1113 339 1138 nox
368 1113 487 1149 quam
518 1101 635 1149 longa
664 1112 705 1138 es
735 1113 836 1149 quae
866 1099 960 1137 facis
990 1113 1069 1138 una
1098 1104 1261 1138 senem!

156 1165 251 1215 quid
281 1178 353 1203 nos
383 1164 569 1203 derides?
608 1166 700 1203 here
731 1164 798 1214 qui
827 1178 934 1215 puer,
969 1166 1100 1214 Hylle,
1133 1165 1251 1212 fuisti,
1477 1183 1492 1212 5

210 1230 274 1269 dic
305 1230 435 1278 nobis,
464 1229 585 1269 hodie
615 1244 694 1280 qua
722 1230 873 1269 ratione
902 1230 959 1268 vir
988 1233 1060 1269 es?

660 1319 767 1356 VIII

158 1389 290 1427 Prima
318 1391 533 1427 salutantes
563 1396 682 1438 atque
711 1391 832 1427 altera
861 1389 1028 1427 conterit
1058 1391 1166 1436 hora,

211 1462 364 1493 exercet
394 1467 532 1492 raucos
563 1453 675 1492 tertia
704 1453 938 1500 causidicos,

159 1518 197 1556 in
228 1518 407 1568 quintam
437 1518 564 1557 varios
594 1518 771 1557 extendit
801 1520 933 1556 Roma
961 1519 1126 1565 labores,

213 1592 320 1622 sexta
348 1583 459 1634 quies
489 1583 609 1629 lassis,
643 1583 810 1634 septima
839 1583 927 1621 finis
956 1582 1061 1630 eritf·

159 1648 300 1687 sufficit
329 1648 368 1687 in
399 1662 545 1687 nonam
576 1648 710 1687 nitidis
740 1656 878 1687 octava
908 1648 1127 1698 palaestris;
1476 1663 1494 1694 5

214 1714 378 1764 imperat
407 1722 603 1753 extructos
634 1715 809 1764 frangere
838 1727 945 1752 nona
974 1721 1103 1752 toros·:

161 1781 255 1818 hora
283 1779 504 1817 libellorum
535 1780 704 1817 decuma
733 1786 801 1825 est,
835 1779 1055 1828 Eupheme‚
1088 1791 1278 1824 meorum,

215 1852 406 1894 temperat
434 1844 651 1883 ambrosias
681 1857 772 1882 cum
803 1851 870 1882 tua
900 1857 993 1882 cura
1022 1845 1144 1893 dapes

162 1918 199 1948 et
230 1910 359 1948 bonus
387 1909 563 1948 aetherio
593 1909 742 1947 laxatur
771 1916 928 1947 nectare
959 1909 1104 1948 Caesar

215 1974 444 2024 ingentique
473 1982 580 2013 tenet
610 1975 753 2024 pocula
781 1987 898 2024 parca
928 1987 1058 2012 manu=
1461 1988 1500 2009 10

162 2048 257 2077 tunc
286 2039 450 2077 admitte
481 2039 615 2078 iocos:
654 2034 788 2089 gressu
818 2038 929 2077 timet
959 2038 1012 2076 ire
1042 2037 1203 2085 lic-enti-

216 2105 267 2143 ad
297 2104 534 2143 matutinum
564 2111 698 2143 nostra
725 2103 867 2142 Thalia
896 2105 1045 2142 Iovem.

208 2208 238 2237 V
261 2218 282 2246 9
307 2212 420 2237 certus
445 2208 533 2239 fidus
552 2208 632 2239 AA:
659 2207 747 2237 fidus
770 2211 884 2238 certus
900 2206 1009 2236 BACA
1146 2216 1185 2236 10
1210 2205 1404 2246 philomeus
1420 2203 1499 2233 AA:

166 2251 374 2289 philomerus
394 2251 442 2281 CA
660 2251 706 2280 VI
735 2260 748 2280 1
776 2251 922 2281 castiore
940 2250 988 2281 CA
1005 2253 1043 2280 ut
1060 2249 1121 2280 vicl.
1259 2260 1278 2279 2
1304 2248 1413 2278 teneri
1432 2247 1479 2278 CA

209 2294 273 2324 Vll
298 2295 373 2326 lmb.
393 2295 426 2325 R
560 2305 579 2324 2
602 2295 683 2333 quid
702 2294 750 2325 CA
880 2304 900 2333 3
925 2294 1060 2324 barbam
1079 2294 1161 2329 (om.
1182 2294 1262 2333 que)
1281 2291 1314 2321 R

208 2337 292 2368 VIII
322 2348 334 2367 1
363 2338 515 2368 continet
531 2338 606 2368 BA:
641 2338 789 2368 conterit
808 2337 855 2367 CA
988 2348 1007 2376 4
1032 2341 1104 2367 erat
1124 2336 1170 2366 CA
1301 2336 1322 2364 6
1347 2333 1500 2364 excelsos

168 2381 240 2411 BA:
266 2385 441 2411 extructos
460 2381 507 2412 CA
630 2392 665 2412 11
692 2392 740 2420 gr.
762 2381 831 2412 tim.
852 2381 901 2410 ire
917 2380 992 2412 Ital.
1009 2392 1016 2412 ε
1039 2390 1192 2419 gressum
1212 2379 1280 2419 (-su
1297 2377 1364 2418 Pf)
1379 2377 1500 2407 metire

167 2423 258 2455 codd.
279 2433 326 2464 tm
344 2430 406 2465 pro
423 2425 463 2465 ti)
601 2435 638 2455 12
664 2425 847 2455 matutinos
864 2424 919 2454 BA
937 2426 1011 2465 (seq.
1032 2422 1123 2463 nos-)
