1684 2763
563 131 745 170 INDEX
783 133 1249 174 EPIGRAMMATON

308 240 513 273 Tercentum
532 243 650 284 Libyci
667 245 796 275 modios
813 247 854 276 de
871 256 981 277 messe
999 246 1108 277 coloni
1153 246 1250 286 XIII,
1270 256 1317 278 12.

309 284 487 316 Terrarum
506 287 567 317 dea
585 288 803 328 gentiumque
822 289 930 320 Roma
974 289 1053 324 XII,
1074 291 1103 321 8.

308 328 419 359 Texta
436 330 521 360 rosis
539 330 682 362 fortasse
700 332 757 361 tibi
775 333 828 363 vel
846 333 949 363 divite
967 334 1070 363 nardo
1116 333 1213 370 XIII,
1233 343 1284 372 51.

312 372 459 446 ‘Thaliiila
475 373 633 446 8Quintus
655 374 766 407 amat.'
815 376 944 414 ‘Quam
973 376 1125 408 Thaida?
1141 376 1147 389 “
1176 377 1324 408 ‘Thaida
1354 375 1500 408 luscam'

449 440 456 454 ,
499 442 505 447 .

307 458 437 490 Thaida
455 465 519 491 tam
538 465 675 492 tenuem
691 462 842 501 potuisti,
864 462 990 498 Flacce,
1009 463 1142 494 videre?
1189 463 1249 501 XI,
1270 473 1342 494 101.

306 501 410 533 Thais
426 504 527 534 habet
544 505 670 543 nigros,
689 506 804 535 niveos
823 505 987 536 Laecania
1004 508 1125 537 dentes
1170 507 1209 542 V,
1227 517 1279 545 43.

311 545 425 576 Theca
443 552 553 578 tectus
569 549 699 578 ahenea
716 549 845 578 lavatur
890 548 952 586 XI,
972 559 1020 587 75.

307 587 442 628 Thelyn
462 591 591 621 viderat
609 592 641 621 in
661 596 739 628 toga
756 592 941 630 spadonem
989 593 1032 625 X.
1051 603 1103 631 52.

306 632 479 672 Thestyle,
496 633 643 664 Victoris
660 639 864 664 tormentum
882 636 979 665 dulce
996 636 1125 666 Voconi
1169 635 1246 673 VII,
1264 646 1315 675 29.

305 675 491 714 Thestylon
511 677 620 707 Aulus
636 684 723 708 amat
742 679 802 708 sed
820 689 882 708 nec
899 679 1008 708 minus
1024 680 1120 709 ardet
1136 678 1262 709 Alexin
1308 678 1402 717 VIII,
1420 681 1472 718 63.

304 718 390 750 Tibi.
411 730 539 750 summe
558 721 668 750 Rheni
686 722 834 752 domitor
850 726 882 751 et
899 732 1022 760 parens
1039 722 1128 753 orbis
1173 722 1232 759 IX,
1250 733 1280 761 5.

306 762 411 792 Tibur
428 763 458 792 in
479 763 684 794 Herculeum
703 765 856 803 migravit
874 765 967 803 nigra
984 765 1126 803 Lycoris
1170 765 1226 801 IV,
1243 768 1295 796 62.

305 805 435 836 Tinctis
454 807 579 837 murice
595 808 744 838 vestibus
760 809 850 847 quod
867 808 959 838 omni
1004 808 1064 848 IX,
1080 810 1132 839 62.

307 848 416 887 Tinge
434 855 533 889 caput
551 851 665 881 Cosmi
682 851 774 885 solio,
793 852 935 882 cervical
954 852 1057 882 olebit
1102 852 1195 889 XIV,
1216 854 1287 891 146.

308 892 444 929 Titulle,
463 904 594 926 moneo,
612 895 710 924 vive:
737 905 873 934 semper
890 895 953 925 hoc
970 906 1083 926 serum
1100 901 1152 926 est
1196 896 1292 935 VIII,
1308 907 1359 934 44.

307 935 413 973 Tolle,
432 947 529 975 puer,
546 937 669 968 calices
686 939 860 977 tepidique
877 943 1063 969 toreumata
1083 939 1151 969 Nili
1198 939 1260 977 XI,
1281 949 1328 971 11.

306 979 508 1010 Tomentum
526 982 662 1011 concisa
679 983 775 1020 palus
793 982 952 1012 Circense
969 987 1108 1012 vocatur
1153 982 1243 1013 XIV.
1265 984 1337 1014 160.

307 1022 503 1053 Tondendis
520 1025 604 1055 haec
619 1035 712 1055 arma
729 1026 787 1055 tibi
804 1030 883 1055 sunt
899 1030 977 1064 apta
994 1026 1124 1065 capillis
1170 1025 1263 1064 XIV,
1280 1028 1332 1064 36.

305 1065 527 1104 Tongilianus
542 1068 642 1098 habet
658 1078 786 1107 nasum,
805 1069 887 1101 scio.
906 1080 973 1099 non
993 1080 1067 1103 ego,
1110 1069 1179 1099 Sed
1197 1070 1261 1099 iam
1307 1068 1391 1106 XII,
1409 1069 1463 1100 88.

306 1109 492 1140 Tonsorem
510 1121 652 1149 puerum
671 1112 728 1141 sed
747 1117 824 1143 arte
841 1112 940 1142 talem
984 1112 1078 1148 VIII,
1097 1123 1148 1151 52.

306 1152 467 1183 Tonstrix
486 1153 640 1184 Suburae
657 1155 808 1185 faucibus
824 1156 920 1185 sedet
938 1156 1056 1194 primis
1101 1155 1145 1193 II,
1166 1166 1215 1194 17.

304 1196 389 1226 Tota
406 1197 487 1227 mihi
505 1198 669 1228 dormitur
685 1199 794 1228 hiems
811 1203 844 1228 et
860 1199 1017 1237 pinguior
1033 1199 1090 1228 illo
1135 1198 1232 1230 XIII.
1251 1209 1303 1237 59.

305 1239 391 1269 Tota
408 1240 544 1278 quidem
562 1246 708 1279 ponatur
723 1252 817 1277 anas,
833 1242 893 1271 sed
910 1246 1048 1280 pectore
1064 1246 1193 1271 tantum
1239 1241 1337 1279 XIII,
1355 1251 1406 1281 52.

307 1282 415 1313 Totis.
435 1284 541 1320 Galle,
560 1284 655 1314 iubes
672 1285 730 1314 tibi
747 1296 800 1314 rne
817 1286 945 1314 servire
963 1285 1082 1315 diebus
1127 1285 1170 1320 X,
1188 1287 1239 1324 56.

305 1326 391 1356 Toto
407 1328 534 1356 vertice
551 1332 632 1365 quot
649 1328 735 1366 gerit
754 1328 893 1367 capillos
939 1327 1018 1366 XII,
1038 1339 1065 1366 7.

305 1369 450 1399 Trebula
468 1380 530 1399 nos
548 1371 686 1407 {sennim
711 1372 924 1401 commendat
941 1372 1049 1409 gratia
1065 1372 1192 1411 duplex
1237 1371 1337 1410 XIII,
1353 1381 1405 1410 33.

304 1412 389 1442 Tres
405 1413 520 1443 habuit
539 1415 669 1444 dentes.
686 1415 813 1453 pariter
828 1425 913 1453 quos
929 1415 1046 1453 expuit
1063 1425 1181 1445 omnes
1224 1414 1318 1453 VIII,
1337 1424 1389 1453 57.

304 1456 457 1492 Triginta
473 1457 554 1487 mihi
571 1462 796 1497 quattuorque
813 1468 941 1488 mcsses
988 1457 1067 1493 XII,
1084 1467 1136 1497 34.

305 1499 463 1537 Triginta
480 1500 539 1529 tibi
556 1505 634 1530 sunt
653 1502 748 1540 pueri
766 1502 973 1540 totidemque
992 1502 1125 1539 puellae
1170 1501 1251 1539 XII,
1267 1503 1318 1532 86.

306 1542 460 1581 Triginta
477 1548 548 1573 toto
565 1545 651 1574 mala
668 1550 746 1574 sunt
764 1545 1007 1584 epigrammata
1025 1545 1110 1575 libro
1154 1544 1231 1582 VII,
1249 1546 1301 1575 81.

304 1586 416 1616 Triste
433 1588 651 1626 supercilium
669 1588 811 1627 durique
827 1599 945 1618 severa
961 1588 1102 1618 Catonis
1146 1587 1208 1619 XI.
1227 1599 1256 1618 2.

305 1629 426 1659 Tristis
443 1629 682 1668 Athenagoras
700 1642 763 1660 non
783 1632 873 1661 misit
890 1641 1030 1661 munera
1048 1631 1144 1661 nobis
1188 1631 1282 1665 VIII,
1299 1642 1350 1670 41.

304 1673 427 1703 Tristis
445 1684 482 1703 es
500 1678 532 1703 et
550 1674 641 1705 felix.
689 1674 780 1705 Sciat
796 1675 859 1705 hoc
879 1675 1027 1705 Fortuna
1045 1679 1161 1705 caveto
1204 1674 1262 1713 VI,
1282 1685 1332 1713 79.

304 1716 355 1746 Tu
373 1717 429 1754 qui
448 1727 534 1754 pene
550 1718 638 1747 viros
655 1723 762 1748 terres
779 1723 811 1748 et
830 1718 913 1748 falce
931 1719 1089 1748 cinaedos
1134 1718 1191 1748 VI.
1214 1719 1261 1748 16.

304 1759 354 1789 Tu
374 1759 491 1789 Setina
509 1761 644 1798 quidem
662 1771 796 1800 semper
810 1762 862 1791 vel
882 1761 1026 1791 Massica
1043 1761 1142 1800 ponis
1187 1760 1244 1793 IV.
1262 1763 1316 1799 69.

305 1803 400 1833 Tunc
419 1804 568 1842 triplices
585 1809 720 1834 nostros
738 1815 805 1833 non
822 1805 900 1834 vilia
918 1805 1005 1834 dona
1022 1805 1156 1843 putabis
1201 1804 1292 1842 XIV,
1310 1805 1340 1835 6.

304 1846 415 1876 Turba
433 1847 543 1884 gravis
558 1848 632 1886 paci
648 1847 868 1886 placidaeque
886 1848 1020 1877 inimica
1036 1847 1141 1886 quieti
1186 1846 1248 1886 Ep.
1268 1858 1299 1885 4.

305 1889 471 1919 Turbabis
486 1900 606 1920 versus
622 1901 683 1920 nec
700 1891 810 1920 littera
828 1895 898 1920 tota
914 1891 1042 1920 volabit
1086 1890 1184 1927 XIII,
1204 1901 1253 1928 75.

305 1933 436 1963 Tuscae
454 1934 585 1971 glandis
601 1944 684 1973 aper
700 1934 879 1973 populator
895 1939 928 1964 et
946 1934 1020 1963 ilice
1038 1934 1141 1964 multa
1184 1933 1262 1971 VII,
1280 1944 1330 1973 27.

303 2021 398 2051 Vade
415 2020 593 2050 salutatum
613 2031 673 2059 pro
689 2030 754 2057 me,
772 2021 879 2051 liber:
902 2020 950 2050 ire
967 2020 1093 2050 iuberis
1138 2019 1163 2054 I„
1184 2032 1232 2059 70.

304 2064 448 2103 Vapulat
464 2064 605 2093 adsidue
622 2064 734 2093 veneti
752 2064 913 2103 quadriga
930 2065 1063 2101 flagello
1106 2064 1165 2101 VI,
1183 2066 1236 2102 46.

305 2108 406 2144 Vare,
425 2106 644 2137 Paraetonias
663 2107 758 2137 Latia
775 2108 875 2137 modo
891 2107 959 2137 vite
976 2117 1036 2146 per
1052 2107 1151 2137 urbes
1197 2108 1240 2145 X,
1259 2108 1309 2137 26.

304 2151 426 2188 Varro,
445 2150 637 2189 Sophocleo
655 2160 721 2180 non
739 2150 916 2181 infitiande
932 2151 1097 2180 cothurno
1142 2151 1183 2183 V,
1201 2162 1252 2189 30.

304 2194 401 2223 Vatis
417 2193 588 2232 Apollinei
604 2204 727 2232 magno
743 2194 970 2223 memorabilis
987 2198 1060 2223 ortu
1104 2193 1181 2225 VII.
1200 2204 1251 2225 22.

305 2236 495 2267 Veientana
511 2237 593 2266 mihi
610 2238 743 2274 misces,
761 2237 817 2267 ubi
836 2236 979 2267 Massica
996 2242 1094 2276 potas
1140 2236 1201 2270 ΙΙΙ,
1219 2248 1271 2275 49.

305 2281 440 2310 Vellera
459 2285 661 2310 consumunt
680 2280 862 2310 Patavinae
878 2281 981 2310 multa
999 2281 1126 2310 trilices
1171 2280 1263 2319 XIV,
1286 2290 1356 2319 143.

304 2323 495 2354 Velleribus
512 2324 629 2362 primis
645 2323 779 2362 Apulia,
800 2323 920 2353 Parma
936 2324 1096 2354 secundis
1141 2323 1233 2363 XIV,
1256 2334 1326 2362 155.

305 2367 475 2405 Vendere,
495 2367 617 2406 Tucca,
636 2371 734 2406 potes
751 2367 904 2397 centenis
920 2367 1055 2397 milibus
1072 2368 1226 2406 emptos?
1274 2366 1334 2407 XI,
1356 2377 1406 2405 70.

304 2410 477 2440 Venderet
494 2411 647 2441 excultos
664 2410 768 2440 colles
784 2420 858 2441 cum
876 2420 998 2449 praeco
1015 2410 1142 2441 facetus
1188 2410 1213 2450 Ι,
1234 2411 1285 2450 85.
