1684 2763
816 142 1286 182 EPIGRAMMATON
1321 145 1424 182 LIB.
1461 146 1518 183 IX

293 254 469 303 dispersa
498 261 578 292 rate
609 253 783 292 tristibus
814 254 994 303 procellis

294 333 443 358 mersus
473 319 658 358 fluctibus
688 320 934 369 obrutusque
965 327 1089 370 ponto

292 386 342 423 ad
372 392 507 423 votum
539 384 740 423 Diodorus
770 384 951 423 enatavit.

292 451 328 489 O
359 451 492 489 tardus
522 450 638 488 nimis
668 458 706 488 et
736 450 844 501 piger
874 450 1058 488 maritus!

291 516 369 554 hoc
398 515 437 554 in
467 515 579 554 litore
609 515 639 554 si
669 517 800 566 puella
829 523 965 554 votum
1485 533 1522 553 10

291 580 447 619 fecisset
478 594 575 627 mea,
607 580 785 632 protinus
816 581 1016 619 redissem.

710 670 807 706 XLI

186 739 361 786 Pontice,
393 741 501 789 quod
532 753 749 789 numquam
784 739 914 786 futuis,
947 740 1017 777 sed
1047 738 1197 789 paelice
1227 740 1336 777 laeva

238 805 356 843 uteris
386 813 425 843 et
454 805 599 844 Veneri
630 805 745 843 servit
775 804 903 843 amica
934 818 1086 851 manus,

185 871 261 909 hoc
291 870 387 908 nihil
417 884 502 909 esse
532 872 676 920 putas?
718 872 845 908 scelus
875 877 943 916 est,
977 869 1073 907 mihi
1108 870 1236 916 crede,
1270 870 1339 907 sed
1371 869 1519 919 inge1is‚

238 942 431 984 quantum
460 935 522 973 vix
551 935 685 973 animo
714 934 891 984 concipis
922 934 1005 984 ipse
1035 941 1114 972 tuo.

184 1014 328 1050 nempe
358 1001 479 1038 semel
508 999 636 1047 futuit,
667 1007 869 1050 generaret
900 999 1090 1037 Horatius
1120 1006 1163 1036 ut
1192 1006 1292 1045 tres3
1504 1016 1520 1046 5

238 1067 347 1104 Mars
377 1067 511 1112 semel,
543 1072 586 1103 ut
614 1065 794 1115 geminos
826 1064 899 1102 Ilia
928 1072 1035 1103 casta
1065 1065 1185 1102 daret.

184 1130 318 1169 omnia
346 1130 569 1180 perdiderat
598 1130 630 1169 si
660 1130 925 1168 masturbatus
955 1137 1120 1179 uterque

237 1197 463 1234 mandasset
493 1195 675 1234 manibus
704 1195 847 1246 gaudia
876 1196 994 1234 foeda
1024 1195 1113 1233 suis.

183 1261 309 1311 ipsam
338 1263 455 1300 crede
484 1261 555 1300 tibi
585 1269 764 1300 naturam
795 1261 925 1300 dicere
954 1274 1106 1299 rerum:

239 1328 376 1365 ‘Istud
406 1328 515 1377 quod
544 1326 686 1377 digitis,
718 1326 894 1374 Pontice,
927 1325 1068 1376 perdis,
1100 1327 1222 1364 homo
1252 1327 1334 1364 est.'
1483 1340 1521 1362 10

684 1416 805 1452 XLII

292 1485 454 1535 Campis
483 1485 593 1524 dives
621 1486 767 1534 Apollo
797 1484 852 1522 sic
883 1483 1060 1533 Myrinis,

291 1550 346 1588 sic
375 1564 529 1601 semper
557 1550 718 1588 senibus
748 1551 873 1587 fruare
902 1548 1044 1598 cycnis,

290 1617 432 1654 doctae
461 1615 516 1654 sic
546 1615 616 1654 tibi
646 1614 814 1653 serviant
843 1628 995 1653 sorores

290 1694 364 1719 nec
394 1680 561 1731 Delphis
590 1688 657 1718 tua
686 1680 896 1718 mentiatur
925 1679 1003 1726 ulli,

291 1745 345 1784 sic
376 1745 524 1784 Palatia
553 1753 591 1784 te
620 1747 752 1784 colant
780 1753 1018 1794 amentque:
1501 1762 1517 1792 5

291 1811 350 1849 bis
381 1824 496 1849 senos
527 1810 605 1849 cito
635 1817 673 1849 te
702 1818 862 1860 rogante
892 1812 1016 1848 fasces

290 1877 358 1914 det
388 1877 531 1914 Stellae
560 1876 689 1914 bonus
720 1877 948 1925 adnuatque
979 1876 1134 1914 Caesar.

289 1941 380 1979 felix
409 1948 503 1979 tunc
532 1954 605 1991 ego
634 1940 869 1991 debitorque
898 1939 979 1978 voti

226 2046 247 2075 6
271 2045 479 2084 disparserat
504 2044 625 2085 (-per-)
653 2055 671 2075 e
699 2044 755 2074 ΒΑ
912 2054 929 2082 7
954 2043 1118 2074 fructibus
1149 2041 1243 2082 (EA)
1273 2042 1322 2072 vel
1349 2042 1440 2072 ssuct-
1468 2041 1516 2071 CA

183 2093 289 2127 ponto
308 2093 359 2118 est
381 2088 411 2118 T
425 2088 552 2127 (ctfort.
571 2089 646 2130 ΑΛ)
759 2089 779 2118 8
796 2088 946 2118 enatabit
961 2088 1015 2117 BA
1034 2087 1068 2125 (i.
1080 2097 1103 2117 e.
1124 2086 1197 2127 —vit)
1307 2096 1327 2124 9
1352 2085 1400 2126 O]
1418 2089 1452 2115 ut
1469 2084 1514 2115 CA

185 2141 221 2162 11
249 2132 405 2162 fecissem
425 2131 473 2162 CA
661 2131 740 2162 XLI
766 2142 816 2162 vv.
834 2141 920 2170 3-10
936 2131 1009 2162 hab.
1035 2131 1066 2161 T
1196 2140 1209 2160 1
1230 2139 1295 2168 quo
1314 2128 1362 2159 CA
1495 2138 1515 2166 3

793 2183 807 2199 e

184 2213 235 2239 est
251 2219 316 2239 om.
332 2208 389 2238 BA
459 2208 560 2239 cedes
577 2213 610 2239 et
626 2208 672 2239 CA
692 2209 772 2249 (pro
788 2209 915 2244 cdeset,
931 2208 951 2239 i.
962 2219 985 2238 e.
1003 2207 1103 2238 crede
1120 2212 1171 2237 set
1183 2206 1209 2246 Ζ)
1299 2206 1363 2245 5-6
1379 2216 1444 2236 om.
1460 2205 1513 2235 BA

183 2261 202 2289 5
227 2251 316 2281 saliit
341 2252 429 2292 (aliit
458 2252 501 2291 T)
527 2252 587 2281 ΑΑ
614 2254 696 2292 (pro
719 2252 858 2291 sutuit):
896 2252 958 2282 suit
983 2251 1031 2281 CA
1057 2254 1093 2281 ut
1115 2250 1178 2281 vid.
1297 2254 1439 2288 generet
1466 2248 1513 2278 CA

183 2300 275 2326 utres
293 2295 341 2325 CA
446 2306 462 2334 7
488 2296 679 2334 perdiderat
696 2294 810 2325 AACA
825 2306 832 2325 z
856 2300 948 2325 —rant
963 2295 1018 2324 BA
1123 2294 1142 2323 8
1166 2294 1361 2324 mandasset
1377 2291 1488 2322 ΑΑΕΑ
1505 2305 1511 2321 ι

184 2343 273 2369 -sent
289 2338 344 2368 BA
497 2338 594 2369 XLII
615 2349 628 2368 1
648 2349 685 2369 se
696 2338 750 2368 BA
839 2338 981 2369 murinis
996 2338 1073 2368 BA:
1097 2337 1249 2367 murinus
1262 2336 1311 2367 CA
1328 2348 1334 2367 :
1361 2336 1514 2373 Myrines

183 2381 357 2412 Buecheler
474 2391 494 2421 3
518 2387 656 2412 seruant
674 2382 728 2412 BA
754 2385 790 2412 ut
812 2382 874 2412 vid.
1007 2393 1026 2421 4
1044 2391 1086 2411 ne
1106 2381 1187 2422 <Ls)
1205 2380 1254 2411 vel
1269 2390 1331 2410 nec
1351 2378 1441 2419 (ΡΩ)
1458 2377 1513 2408 ΒΑ

184 2425 387 2456 mentulatur
404 2424 453 2455 CA
583 2427 604 2455 6
627 2430 660 2456 te
677 2425 731 2455 BA
747 2437 753 2456 :
779 2436 831 2456 me
850 2425 898 2456 CA
988 2425 1080 2455 faces
1099 2423 1147 2454 CA
