1684 2763
191 135 248 172 M.
283 134 406 172 VAL.
440 134 755 172 MARTIALIS

585 245 704 284 CLV.
738 246 875 283 Lanae
903 246 1021 283 albae.

189 315 410 354 Velleribus
439 314 574 366 primis
603 315 759 366 Apulia,
791 317 932 354 Parma
960 315 1144 355 secundis

245 380 413 420 nobilis:
451 380 632 419 Altinum
661 380 774 420 tertia
801 382 935 420 laudat
965 381 1060 420 ovis.

540 485 684 524 CLVI.
715 486 852 537 Lanae
885 485 1036 533 Tyriae.

192 556 277 593 Nos
307 553 648 592 Lacedaemoniae
677 561 810 603 pastor
839 554 1001 592 donavit
1029 554 1206 593 amicae:

245 619 415 658 deterior
444 620 578 658 Ledae
607 632 779 669 purpura
808 619 941 657 matris
971 626 1063 657 erat.

493 723 661 762 CLVII.
692 723 829 760 Lanae
856 724 1108 761 Pollentinae.

193 794 285 831 Non
316 800 469 830 tantum
499 793 608 842 pullo
636 794 815 842 lugentes
844 794 987 831 vellere
1015 794 1135 840 lanas,

246 859 315 896 sed
344 859 444 896 solet
472 865 511 896 et
541 857 683 896 calices
713 858 811 896 haec
841 858 935 896 dare
964 865 1065 896 terra
1095 871 1198 897 suos.

635 962 826 1001 CLVIII.
856 963 975 1000 Idem.

193 1034 302 1070 Lana
331 1031 494 1082 quidem
523 1031 642 1070 tristis
671 1033 741 1070 sed
771 1032 894 1070 tonsis
930 1040 1021 1070 neta
1050 1031 1247 1080 ministris,

247 1098 382 1148 quales
412 1111 492 1135 non
523 1097 651 1147 primo
679 1099 731 1136 de
758 1111 873 1147 grege
903 1111 1040 1136 mensa
1068 1097 1171 1136 citat.

463 1202 607 1241 CLIX.
643 1203 868 1240 Tomentum
897 1203 1157 1240 Leuconicum.

194 1273 417 1323 Oppressae
447 1271 613 1310 nimium
644 1271 773 1309 vicina
802 1279 860 1310 est
891 1271 1010 1310 fascia
1039 1273 1227 1322 plumae?

248 1339 391 1376 vellera
420 1336 658 1376 Leuconicis
687 1336 824 1387 accipe
854 1350 939 1375 rasa
969 1337 1079 1387 sagis.

509 1441 630 1480 CLX.
668 1442 889 1478 Tomentum
921 1442 1104 1480 Circense.

195 1513 437 1550 Tomentum
468 1510 626 1548 concisa
655 1512 767 1560 palus
798 1511 984 1550 Circense
1014 1518 1184 1549 vocatur.

248 1577 346 1614 haec
375 1589 446 1626 pro
477 1575 706 1614 Leuconico
736 1575 923 1613 stramina
952 1589 1102 1626 pauper
1131 1575 1237 1614 emit.

641 1675 786 1713 CLXI.
817 1675 974 1713 Pluma.

199 1747 342 1783 Lassus
372 1746 586 1794 Amyclaea
615 1744 760 1794 poteris
790 1745 1035 1794 requiescere
1064 1746 1209 1795 pluma,

251 1809 411 1848 interior
439 1810 552 1860 cycni
582 1823 700 1860 quarn
731 1809 801 1848 tibi
831 1811 920 1848 lana
949 1810 1070 1848 dedit.

241 1913 330 1945 CLV
353 1914 427 1944 lmb.
451 1913 481 1944 T
560 1923 573 1943 1
600 1912 717 1953 primis
731 1923 797 1944 om.
814 1913 844 1943 T
942 1913 1054 1952 apulla
1070 1913 1119 1943 CA
1222 1923 1241 1943 2
1259 1913 1357 1944 lauda
1371 1913 1465 1955 (EA)
1484 1915 1532 1946 vel

199 1958 314 1988 laudat
332 1955 404 1995 (X)
423 1956 472 1987 CA

243 2001 346 2031 CLVI
372 2001 444 2030 lmb.
468 2000 498 2031 T
542 2009 554 2030 1
582 1999 718 2030 donabit
736 1999 789 2030 BA
809 2000 888 2040 (pro
904 2000 978 2031 -vit‘i
1057 2000 1164 2031 amico
1187 2000 1216 2030 T
1289 2010 1308 2030 2
1333 2001 1463 2031 deterio
1483 2001 1530 2032 CA

242 2043 365 2074 CLVII
390 2044 463 2074 lmb.
489 2043 518 2074 T
597 2053 770 2074 POLLINAE
792 2044 822 2074 T
968 2054 979 2073 1
1007 2043 1163 2083 lugentes
1180 2044 1258 2075 AA:
1285 2044 1438 2075 lucentes
1453 2045 1530 2075 BA:

199 2087 353 2126 legentes
372 2087 420 2118 CA
510 2087 640 2117 uellera
662 2086 736 2117 TCA
827 2087 928 2118 lunae
952 2087 981 2117 T
1108 2098 1127 2117 2
1151 2093 1240 2118 terra
1257 2098 1324 2117 om.
1347 2087 1376 2118 T

244 2130 384 2161 CLVIII
411 2130 482 2161 Ινιό.
509 2130 538 2160 T
646 2141 658 2160 1
686 2131 762 2171 sed]
782 2136 814 2161 et
833 2131 880 2161 CA
902 2135 1023 2171 [praec.
1043 2132 1075 2172 s)
1155 2136 1233 2161 neta
1251 2136 1288 2161 ut
1302 2131 1364 2161 vid.
1383 2131 1443 2160 ΑΑ
1462 2130 1531 2171 (·ca

205 2174 250 2213 T)
269 2186 276 2205 τ
304 2180 382 2213 apta
398 2173 526 2205 ΒΑΕΑε
553 2179 631 2204 nata
647 2172 927 2213 S⁴›·1‘vcr1'us,fi›rl.
948 2179 1024 2204 recte
1134 2185 1152 2204 2
1179 2175 1262 2210 non]
1283 2176 1324 2205 de
1342 2178 1379 2204 ut
1394 2174 1457 2206 vid.
1476 2175 1531 2204 ΒΑ

202 2219 259 2258 (de
286 2218 324 2257 Q,
353 2228 419 2248 om.
445 2216 492 2258 P)
593 2218 671 2248 citat
694 2217 832 2249 ΑΑΒἪ
866 2223 958 2248 uetat
984 2223 1062 2257 <fro
1087 2223 1179 2258 utat3
1213 2217 1255 2249 CI
1275 2223 1337 2258 pro
1365 2218 1391 2248 U
1408 2217 1434 2258 3)
1460 2218 1531 2249 CA:

201 2267 299 2292 vocat
316 2260 361 2291 ed.
380 2271 410 2292 a.
434 2271 515 2300 1473

246 2305 358 2335 CLIX
381 2304 454 2335 hab.
480 2304 509 2334 T
595 2313 608 2333 1
635 2304 747 2344 pluma
770 2304 799 2334 T

245 2348 336 2378 CLX
361 2348 434 2379 lmb.
460 2347 489 2378 T
603 2357 617 2377 1
645 2358 751 2388 pagus
769 2348 817 2378 CA
949 2358 968 2378 2
992 2347 1154 2378 stramine
1171 2347 1251 2380 AA:
1277 2348 1437 2379 stramina
1452 2346 1531 2378 BA:

202 2393 351 2431 sti-agina
375 2391 423 2422 CA
513 2390 577 2422 erit
599 2391 629 2422 T
944 2391 1053 2423 CLXI
1079 2392 1150 2423 scal).
1174 2391 1232 2421 TR
1320 2402 1339 2422 2
1362 2401 1446 2432 quas
1462 2390 1517 2421 ΒΑ
