1684 2763
218 143 273 180 M.
306 142 427 179 VAL.
461 141 774 178 MARTIALIS

218 253 310 290 Non
340 258 452 298 esset,
484 252 707 301 Nymphae,
737 258 815 288 tam
847 263 986 300 magna
1015 249 1186 300 pericula
1214 263 1350 300 passus

271 316 302 354 si
332 316 462 366 potius
491 323 636 353 vestras
666 315 729 353 ille
759 314 922 353 bibisset
950 328 1083 364 aquas.
1105 306 1119 320 ⁰

661 387 880 423 LXXXIII

219 452 349 489 Nemo
378 450 528 488 habitat
557 449 672 499 gratis
703 450 775 488 nisi
806 450 914 488 dives
944 457 981 487 et
1011 450 1128 488 orbus
1157 450 1263 498 apud
1293 456 1340 487 te.

274 529 392 554 nemo
422 516 587 553 domum
616 514 746 564 pluris,
780 514 997 561 Sosibiane,
1027 516 1139 552 locat.

663 585 877 621 LXXXIV

221 649 300 699 Qui
330 650 508 687 nondum
539 648 687 698 Stygias
717 649 957 686 descendere
988 647 1137 697 quaerit
1166 648 1217 686 ad
1246 647 1401 685 umbras

274 722 472 752 tonsorem
504 713 634 763 fugiat,
667 712 697 750 si
727 712 838 761 sapit,
870 712 1124 750 Antiochum.

220 779 309 817 alba
339 778 466 816 minus
497 777 620 816 saevis
650 779 868 815 lacerantur
897 776 1080 815 bracchia
1108 776 1250 823 cultris,

275 856 364 881 cum
395 842 484 880 furit
513 843 563 880 ad
595 841 781 891 Phrygios
811 842 953 880 enthea
982 842 1095 879 turba
1125 843 1288 888 modos;

223 908 351 946 mitior
381 906 575 957 inplicitas
604 909 733 944 Alcon
763 914 868 944 secat
898 908 1138 944 enterocelas
1531 923 1547 953 5

276 974 475 1022 fractaque
504 971 630 1009 fabrili
660 973 820 1010 dedolat
851 985 940 1010 ossa
970 985 1099 1009 manu.

225 1038 388 1075 tondeat
418 1036 482 1073 hic
512 1035 649 1085 inopes
680 1036 851 1084 Cynicos
881 1043 918 1073 et
949 1035 1080 1073 Stoica
1110 1042 1242 1072 menta

277 1103 456 1150 collaque
487 1102 669 1150 pulverea
699 1102 821 1138 nudet
851 1099 995 1149 equina
1024 1099 1126 1137 iuba.

226 1166 288 1204 hic
319 1166 502 1203 miserum
534 1165 715 1214 Scythica
744 1165 815 1202 sub
846 1178 940 1214 rupe
972 1165 1205 1202 Promethea
1235 1164 1354 1210 radat,

278 1230 501 1268 carnificem
531 1231 630 1267 duro
661 1237 817 1278 pectore
848 1236 982 1278 poscet
1011 1242 1151 1275 avem3
1513 1244 1551 1266 10

224 1296 275 1333 ad
306 1303 466 1332 matrem
498 1294 617 1343 fugiet
649 1295 859 1339 Pentheus,
889 1295 939 1331 ad
972 1295 1188 1331 Maenadas
1219 1294 1412 1343 Orpheus,

279 1359 466 1397 Antiochi
497 1366 649 1396 tantum
680 1358 844 1396 barbara
873 1359 949 1395 tela
978 1365 1129 1395 sonent.

228 1423 340 1459 Haec
371 1434 644 1470 quaecumque
675 1433 763 1458 meo
794 1419 1004 1457 numeratis
1034 1419 1214 1469 stigmata
1243 1426 1386 1466 mento,

280 1486 319 1523 in
349 1485 467 1523 vetuli
498 1493 635 1535 pyctae
666 1484 795 1534 qualia
826 1486 951 1522 fronte
981 1485 1130 1530 sedent,

227 1564 306 1589 non
338 1550 533 1588 iracundis
563 1549 653 1588 fecit
682 1549 806 1599 gravis
837 1549 1032 1599 unguibus
1063 1562 1181 1587 uxor:
1514 1564 1550 1596 15

282 1615 469 1653 Antiochi
498 1616 640 1652 ferrum
671 1622 728 1652 est
758 1622 795 1652 et
825 1616 1010 1652 scelerata
1041 1627 1190 1651 manus.

230 1671 340 1718 Vnus
371 1681 420 1718 de
450 1679 604 1717 cunctis
634 1679 867 1717 animalibus
897 1678 1026 1716 hircus
1061 1679 1180 1717 habet
1209 1691 1298 1717 cor:

283 1745 466 1783 barbatus
497 1744 587 1781 vivit
617 1757 665 1781 ne
695 1745 790 1781 ferat
821 1743 1075 1782 Antiochum.

680 1815 869 1851 LXXXV

230 1878 364 1917 Sidere
393 1891 575 1928 percussa
605 1885 662 1915 est
692 1877 822 1915 subito
853 1877 932 1923 tibi,
965 1876 1084 1923 Zoile,
1116 1876 1258 1926 lingua,

284 1944 379 1981 dum
409 1942 532 1992 lingis.
592 1944 718 1989 Certe,
750 1941 867 1988 Zoile,
900 1955 1004 1979 nunc
1038 1943 1178 1980 futues.

278 2044 460 2075 LXXXIII
485 2045 559 2075 hab.
584 2044 613 2074 T
785 2044 963 2074 LXXXIV
987 2044 1060 2074 lzab.
1084 2044 1117 2075 T.
1159 2044 1237 2074 Post
1254 2044 1434 2075 LXXVIII
1452 2045 1485 2074 in
1501 2044 1555 2074 BA

236 2099 248 2118 1
276 2089 411 2118 umbras
429 2088 525 2117 ΛΑΝ
540 2094 627 2128 <cum
648 2087 692 2127 Q)
711 2099 717 2118 z
742 2088 848 2118 undas
870 2087 975 2118 BACA
1123 2098 1142 2117 2
1168 2087 1274 2126 fugiat
1290 2087 1427 2118 AABA:
1450 2088 1556 2126 fugiet

236 2132 283 2162 CA
302 2134 365 2171 (ηπ
382 2132 431 2161 A&
565 2141 584 2169 3
608 2131 683 2161 alba
699 2130 837 2160 AABA3
860 2131 941 2161 orba
960 2130 1008 2161 CA
1141 2141 1160 2168 4
1185 2131 1263 2161 furit
1279 2131 1338 2160 ΑΑ
1356 2131 1470 2170 (fuerit
1494 2131 1552 2168 T),

232 2186 270 2205 cx
286 2175 367 2212 fugit
384 2174 439 2204 ΒΑ
456 2185 462 2204 :
486 2174 568 2213 fugit
588 2175 636 2204 CA
710 2173 846 2213 frigiose
870 2174 898 2203 T
1018 2182 1037 2212 5
1063 2173 1175 2204 mitius
1187 2173 1300 2204 AAN:
1324 2174 1434 2205 mitior
1451 2173 1557 2204 BACA

230 2220 251 2248 6
275 2218 399 2248 delolat
419 2217 468 2246 CA
550 2220 569 2248 8
593 2218 670 2247 iuua
686 2217 743 2246 AA
764 2218 867 2257 tiuuat
890 2217 934 2250 Ti
953 2217 1006 2246 BA
1114 2228 1134 2256 9
1159 2218 1276 2256 stycha
1295 2218 1378 2255 (sti-3
1399 2217 1492 2257 (EA)
1511 2217 1560 2246 vel

234 2261 386 2300 scythica
405 2261 453 2290 CA
609 2271 647 2291 10
671 2262 755 2290 duro
771 2260 846 2292 AA:
872 2261 961 2290 nudo
982 2259 1087 2290 BACA
1198 2266 1313 2299 pascat
1331 2262 1407 2300 (pro
1425 2261 1554 2299 poscat)

233 2305 291 2334 ΑΑ
307 2315 313 2333 z
338 2309 452 2342 poscet
469 2303 575 2334 BACA
712 2314 722 2333 1
735 2314 745 2334 1
773 2304 935 2334 meanada
955 2303 1002 2333 CA
1126 2313 1162 2342 13
1189 2304 1353 2334 numerati
1372 2303 1419 2334 CA
1438 2306 1555 2343 (secps)

238 2358 274 2385 14
300 2348 394 2377 uituli
414 2348 503 2386 picta
526 2347 554 2376 T
700 2349 738 2377 16
763 2352 796 2377 et
809 2358 874 2377 om.
897 2347 926 2376 T
1076 2356 1111 2384 17
1137 2347 1236 2377 habet
1253 2347 1327 2387 cor]
1347 2347 1488 2377 habetur
1503 2346 1557 2375 BA

237 2390 400 2421 LXXXV
411 2394 484 2428 post
501 2390 625 2421 XCVII
643 2391 676 2420 ιἰι
695 2389 750 2419 ΒΑ
860 2401 878 2420 2
902 2389 981 2428 lingi
999 2400 1101 2420 cerne
1117 2389 1166 2420 CA
1253 2390 1356 2421 futuis
1374 2392 1449 2430 (pro
1467 2399 1518 2420 -es
1531 2392 1555 2429 ἒ)

235 2434 290 2464 ΒΑ
307 2445 313 2464 :
337 2434 448 2464 sutues
467 2433 515 2464 CA
