1684 2763
247 147 302 184 M.
336 147 458 184 VAL.
491 146 805 185 MARTIALIS

698 261 900 298 XXXVII

247 332 441 370 ‘Centum
473 331 651 369 Coranus
680 338 718 369 et
747 331 919 369 ducenta
949 330 1172 377 Mancinus,

244 402 417 434 trecenta
445 395 564 434 debet
592 394 731 443 Titius,
763 397 839 434 hoc
869 395 928 433 bis
957 395 1137 443 Albinus,

243 459 374 498 decies
404 459 573 498 Sabinus
602 461 847 509 alterumque
877 461 1092 508 Serranus,

244 520 290 562 ex
318 524 454 562 insulis
483 524 694 574 fundisque
724 524 851 563 tricies
881 526 1050 571 soldum,

244 604 289 627 ex
319 602 460 639 pecore
488 590 654 627 redeunt
683 596 740 627 ter
768 591 924 628 ducena
953 589 1203 628 Parmensi':
1550 605 1568 636 5

244 654 334 693 totis
364 654 514 701 diebus,
547 655 654 701 Afer,
683 655 760 692 hoc
790 653 886 691 mihi
915 667 1048 691 narras

243 727 280 757 et
311 727 427 757 teneo
457 718 596 756 melius
626 717 699 755 ista
728 731 847 767 quam
877 731 1009 756 meum
1041 731 1199 756 nomen.

244 796 424 822 numeres
454 791 607 833 oportet
635 782 799 832 aliquid,
827 790 869 821 ut
898 782 979 833 pati
1008 782 1181 832 possim:

243 848 481 887 cotidianam
511 848 626 885 refice
655 860 843 886 nauseam
873 847 1070 886 nummis:

242 913 376 952 audire
404 912 531 963 gratis,
562 913 666 959 Afer,
698 912 771 950 ista
799 925 880 950 non
908 925 1081 962 possum.
1531 927 1570 949 10

684 1007 909 1043 XXXVIII

244 1078 369 1123 Galla,
399 1089 519 1125 nega:
559 1074 718 1113 satiatur
745 1088 855 1113 amor
884 1075 957 1113 nisi
986 1075 1128 1125 gaudia
1158 1083 1363 1126 torquent:

296 1142 365 1180 sed
395 1140 475 1179 noli
504 1140 684 1188 nimium,
715 1141 837 1187 Galla,
869 1153 1010 1190 negare
1039 1139 1117 1179 diu.

706 1234 886 1270 XXXIX

350 1303 511 1353 Argenti
539 1316 662 1352 genus
693 1316 811 1341 omne
840 1302 1072 1353 conparasti,

350 1376 387 1406 et
417 1369 522 1406 solus
551 1375 700 1406 veteres
732 1369 922 1417 Myronos
951 1376 1063 1415 artes,

349 1434 453 1472 solus
484 1432 696 1471 Praxitelus
727 1445 887 1471 manum
917 1434 1157 1483 Scopaeque,

348 1499 454 1536 solus
485 1497 661 1535 Phidiaci
691 1505 868 1536 toreuma
897 1497 1004 1544 caeli,

349 1564 453 1600 solus
486 1563 714 1600 Mentoreos
744 1562 865 1600 habes
895 1563 1058 1600 labores.
1547 1576 1564 1607 5

350 1640 422 1665 nec
452 1628 594 1665 desunt
625 1626 695 1664 tibi
726 1639 815 1665 vera
845 1626 1032 1665 Gratiana

349 1705 421 1730 nec
451 1705 552 1741 quae
583 1691 757 1730 Callaico
786 1691 961 1729 linuntur
989 1704 1084 1729 auro

349 1768 421 1794 nec
452 1754 596 1793 mensis
625 1756 833 1804 anaglypta
861 1756 912 1793 de
940 1753 1121 1804 paternis.

347 1827 550 1869 argentum
581 1827 712 1857 tamen
742 1818 841 1856 inter
869 1832 987 1857 omne
1016 1818 1134 1856 miror

349 1898 467 1934 quare
496 1898 577 1922 non
606 1884 762 1930 habeas,
795 1883 979 1932 Charine,
1008 1896 1159 1934 purum.
1527 1898 1567 1920 10

756 1971 830 2007 XL

242 2041 350 2080 Atria
380 2039 570 2078 Pisonum
601 2040 757 2078 stabant
786 2053 876 2078 cum
907 2047 1113 2078 stemmate
1142 2047 1226 2077 toto

294 2113 332 2144 et
362 2104 469 2144 docti
499 2106 672 2143 Senecae
703 2112 759 2142 ter
788 2105 1032 2143 numeranda
1060 2105 1203 2142 domus
1220 2117 1231 2150 3

284 2207 453 2238 XXXVII
478 2218 528 2238 vv.
551 2217 622 2247 1-2,
641 2208 728 2238 6-10
746 2207 817 2238 hab.
845 2206 874 2237 T
981 2217 994 2237 1
1021 2206 1200 2237 coracinus
1218 2206 1265 2237 CA
1375 2216 1394 2244 3
1418 2205 1565 2235 sabellus

242 2253 318 2283 BA:
342 2252 479 2282 sabinus
498 2251 545 2281 CA
707 2263 725 2289 4
752 2251 888 2281 triciens
908 2249 958 2281 CA
1110 2259 1128 2287 5
1155 2260 1216 2289 per
1234 2249 1262 2279 C
1346 2249 1492 2279 ducenta
1510 2248 1565 2278 BA

242 2295 393 2334 parmeni
413 2294 460 2325 CA
535 2295 554 2323 8
579 2304 735 2325 numeras
753 2299 785 2324 et
798 2299 911 2333 portet
932 2293 965 2331 T,
983 2292 1067 2322 unde
1084 2303 1259 2323 numerare
1276 2302 1330 2331 op.
1345 2291 1563 2331 (?)Scl1›u‘1'cle-

242 2340 305 2368 win
439 2349 460 2377 9
484 2338 586 2368 retice
608 2337 637 2367 T
808 2336 992 2367 XXXVIII
1018 2336 1093 2366 hab.
1109 2335 1143 2365 R
1276 2345 1289 2365 1
1317 2335 1463 2374 patiatur
1481 2334 1528 2365 CA

286 2380 442 2412 XXXIX
466 2390 485 2419 3
509 2390 627 2411 manus
653 2380 726 2418 ΡΩ
919 2381 939 2410 6
963 2379 1126 2409 Gratiana
1157 2379 1257 2410 Jtal.:
1283 2378 1461 2418 grantiana
1487 2377 1564 2408 EA:

243 2425 405 2464 graniana
423 2424 470 2455 CA
619 2435 634 2463 7
660 2424 827 2463 gallanico
845 2423 919 2455 BA:
945 2423 1085 2453 callaino
1104 2422 1152 2453 CA
