1684 2763
232 146 288 183 M.
318 146 442 184 VAL.
474 147 790 186 MARTIALIS

228 271 308 296 non
338 257 403 297 ille
432 266 591 298 sanctae
620 260 737 298 dulce
766 259 892 298 Tibur
920 261 1062 308 uxoris,
1542 280 1559 310 5

228 336 302 362 nec
330 325 579 362 Tusculanos
608 324 823 376 Algidosve
853 339 1042 373 secessus,

228 389 438 427 Praeneste
468 403 541 428 nec
571 389 626 428 sic
655 390 902 441 Antiumque
936 391 1120 439 miratum

225 465 304 491 non
336 453 482 492 blanda
512 454 626 494 Circe
656 455 902 494 Dardanisve
933 456 1070 495 Caieta

226 517 508 565 desiderantur,
540 532 615 557 nec
645 519 797 558 Marica
825 533 899 558 nec
929 520 1040 566 Liris,

224 596 298 621 nec
327 583 367 621 in
398 583 567 622 Lucrina
596 585 676 622 lota
704 585 893 622 Salmacis
921 599 1032 623 vena.
1521 601 1559 624 10

226 647 306 686 Hic
335 662 490 687 summa
519 648 597 687 leni
626 649 825 699 stringitur
853 649 992 687 Thetis
1022 657 1141 688 vento
1155 665 1165 698 3

223 726 296 751 nec
326 715 483 763 languet
512 727 670 763 aequor,
702 713 789 752 viva
817 715 886 752 sed
917 714 1028 764 quies
1057 714 1168 765 ponti

222 777 366 827 pictam
396 779 588 828 phaselon
616 778 828 818 adiuvante
856 780 929 818 fert
957 793 1060 826 aura,

225 843 325 881 sicut
354 845 508 894 puellae
538 857 618 881 non
648 844 816 882 amantis
845 852 1035 883 aestatem

221 916 329 947 mota
358 909 513 948 salubre
542 923 713 959 purpura
742 910 848 948 venit
876 910 1006 960 frigus.
1517 927 1553 957 ¹5

222 986 295 1012 nec
325 981 407 1012 seta
436 975 554 1024 longo
584 974 735 1024 quaerit
765 975 804 1012 in
834 975 930 1013 mari
960 976 1159 1026 praedam,

221 1039 290 1077 sed
319 1052 342 1076 a
371 1039 491 1077 cubili
520 1041 746 1090 lectuloque
775 1040 959 1078 iactatam

220 1111 417 1153 spectatus
446 1106 523 1142 alte
552 1104 696 1142 lineam
726 1105 843 1143 trahit
872 1105 1000 1154 piscis.

220 1168 258 1207 Si
290 1170 452 1219 quando
483 1171 635 1208 Nereus
665 1170 782 1208 sentit
812 1170 927 1208 Aeoli
956 1184 1129 1220 regnum,

219 1234 319 1273 ridet
348 1236 538 1284 procellas
567 1242 650 1273 tuta
679 1236 729 1273 de
759 1249 831 1273 suo
861 1249 1020 1273 mensa:

219 1299 369 1349 piscina
398 1300 609 1337 rhombum
640 1299 763 1349 pascit
793 1308 830 1338 et
859 1302 974 1350 lupos
1003 1313 1151 1346 vernas,

218 1372 325 1402 natat
354 1366 404 1403 ad
435 1364 662 1414 magistrum
692 1364 859 1403 delicata
888 1379 1062 1412 murena,

217 1432 516 1468 nomenculator
546 1430 731 1481 mugilem
761 1430 854 1469 citat
883 1439 1023 1469 notum

217 1503 254 1532 et
283 1497 422 1534 adesse
452 1495 543 1533 iussi
574 1497 770 1546 prodeunt
797 1509 910 1534 senes
940 1495 1062 1534 mulli.

219 1560 309 1598 Frui
338 1562 408 1599 sed
438 1560 520 1598 istis
549 1562 722 1610 quando,
756 1562 896 1607 Roma,
928 1560 1148 1611 permittis?
1506 1573 1543 1604 25

215 1633 312 1675 quot
343 1625 573 1664 Formianos
603 1625 757 1676 inputat
786 1625 869 1664 dies
899 1639 1026 1664 annus

215 1690 427 1739 negotiosis
456 1691 573 1728 rebus
603 1691 709 1728 urbis
738 1691 943 1729 haerenti?

215 1768 239 1791 o
268 1754 452 1793 ianitores
480 1755 664 1804 vilicique
693 1755 849 1794 felices!

213 1819 385 1857 dominis
414 1827 598 1869 parantur
627 1819 710 1867 ista,
742 1820 914 1858 serviunt
942 1820 1065 1858 vobis.

707 1918 846 1954 XXXI

212 1999 376 2037 Addixti
405 2012 559 2037 servum
589 1998 761 2036 nummis
792 2000 883 2037 here
913 1998 1018 2036 mille
1047 1997 1238 2043 ducentis,

266 2072 307 2102 ut
337 2064 438 2102 bene
468 2077 639 2111 cenareS,
671 2063 907 2111 CaHiodore,
939 2065 1071 2102 semel.

1532 1250 1550 1270 Ο

253 2170 273 2199 8
297 2167 377 2198 dare
394 2168 482 2198 lanis
498 2168 544 2197 CA
563 2167 607 2207 (d.
634 2166 720 2197 lanis
740 2164 820 2208 XC)
840 2168 919 2208 (pro
940 2166 1127 2204 darclanis3
1152 2165 1181 2195 cl
1198 2169 1261 2204 pro
1285 2163 1319 2205 d)
1500 2173 1538 2194 10

210 2211 347 2242 lucerna
365 2211 413 2242 CA
503 2221 637 2241 uenena
656 2210 705 2240 CA
724 2212 825 2251 (uena
837 2211 887 2251 A)
1039 2220 1077 2239 12
1100 2209 1180 2239 uina
1193 2207 1241 2238 CA
1391 2216 1428 2246 13
1453 2207 1537 2246 pha-

208 2264 292 2286 seon
318 2254 366 2285 CA
523 2265 560 2293 14
583 2254 742 2292 agitantis
764 2254 811 2284 CA
967 2262 1005 2292 15
1031 2256 1121 2283 muta
1142 2251 1192 2282 CA
1348 2251 1387 2280 16
1409 2251 1538 2290 praeda

210 2297 259 2328 CA
395 2307 430 2335 17
456 2298 554 2328 cubili
576 2298 653 2328 BA:
677 2296 831 2328 cubiculo
857 2296 904 2327 CA
1048 2306 1090 2326 20
1111 2305 1173 2325 sue
1192 2294 1277 2336 (-ae)
1296 2293 1344 2324 CA
1365 2294 1398 2333 (e
1414 2298 1477 2334 pro
1497 2292 1535 2333 ο)

208 2351 249 2390 ²1.
273 2340 380 2405 lupui
399 2340 448 2371 CA
579 2351 620 2380 23
644 2340 891 2371 nomenclatori
917 2339 966 2370 CA
1096 2348 1138 2377 25
1163 2337 1327 2378 permittit
1349 2336 1427 2367 BA:
1459 2346 1533 2376 per-

207 2384 369 2458 Πῃὲιὶδζὶξῐ
392 2421 466 2458 lza‘b.
490 2426 520 2457 T
606 2436 619 2457 1
647 2426 800 2458 ducentis
817 2425 949 2457 AACA:
973 2425 1132 2456 trecentis
1146 2424 1203 2455 ΒΑ
