1684 2715
796 142 1263 181 EPIGRAMMATON
1298 145 1399 181 LIB.
1436 146 1451 181 Ι

117 254 299 303 duosque
329 253 500 291 Senecas
530 251 773 302 unicumque
805 254 1011 291 Lucanum

169 320 340 357 facunda
369 317 543 367 loquitur
573 319 774 365 Corduba,

115 385 289 434 gaudent
319 383 476 422 iocosae
507 383 634 423 Canio
664 397 736 423 suo
767 385 912 431 Gades,

172 448 347 488 Emerita
377 448 556 487 Deciano
587 463 701 488 meo:
1419 467 1456 488 10

117 523 166 562 te,
199 514 413 562 Liciniane,
445 514 674 565 gloriabitur
703 523 835 553 nostra

172 594 246 619 nec
276 594 339 619 me
369 580 515 619 tacebit
546 580 709 619 Bilbilis.

619 670 738 706 LXII

120 735 239 774 Casta
268 748 341 772 nec
370 734 542 784 antiquis
572 735 718 772 cedens
752 734 923 772 Laevina
953 735 1107 773 Sabinis

174 808 212 839 et
241 800 421 849 quamvis
451 800 588 838 tetrico
620 799 763 838 tristior
792 799 876 849 ipsa
905 799 988 838 viro

121 867 217 904 dum
249 867 370 904 niodo
402 865 587 912 Lucrino,
620 867 742 904 modo
772 879 813 903 se
843 865 1033 915 permittit
1063 867 1233 911 Averno,

175 938 213 970 et
243 932 338 969 dum
370 930 527 969 Baianis
557 944 674 980 saepe
704 932 856 969 fovetur
884 930 1007 980 aquis,

122 996 260 1035 incidit
290 996 328 1033 in
359 998 565 1034 flammas:
605 995 869 1045 iuvenemque
900 1004 1034 1034 secuta
1064 996 1199 1035 relicto
1443 1015 1458 1043 5

176 1061 343 1112 coniuge
374 1063 575 1112 Penelope
605 1061 722 1108 venit,
754 1062 835 1099 abit
867 1063 1035 1100 Helene.

124 1217 177 1254 Vt
206 1215 366 1254 recitem
397 1214 469 1253 tibi
498 1222 633 1253 nostra
662 1228 774 1265 rogas
804 1214 1098 1265 epigrammata.
1159 1216 1275 1253 Nolo.

179 1294 259 1319 non
288 1280 436 1327 audire,
469 1281 595 1327 Celer,
627 1281 697 1318 sed
728 1280 890 1318 recitare
920 1280 1042 1330 cupis.

622 1370 758 1406 LXIV

235 1434 345 1471 Bella
374 1447 427 1480 es,
459 1433 652 1480 novimus,
686 1441 724 1471 et
753 1435 895 1483 puella,
928 1447 1062 1471 verum
1094 1442 1163 1479 est,

234 1506 272 1537 et
302 1498 422 1545 dives,
455 1498 542 1548 quis
573 1498 678 1536 enim
709 1506 839 1549 potest
869 1500 1041 1548 negare?

235 1565 304 1602 sed
335 1577 426 1602 cum
457 1571 494 1602 te
524 1563 704 1610 nimium,
738 1564 912 1610 Fabulla,
944 1565 1091 1609 laudas,

234 1642 308 1668 nec
338 1629 447 1667 dives
477 1642 607 1678 neque
638 1629 740 1667 bella
770 1642 843 1667 nec
874 1630 1004 1679 puella
1033 1642 1084 1667 es.

634 1718 746 1754 LXV

129 1784 233 1822 Cum
263 1782 343 1821 dixi
374 1784 482 1829 ficus,
514 1781 618 1821 rides
649 1781 761 1832 quasi
791 1782 957 1820 barbara
986 1782 1106 1820 verba

183 1855 221 1886 et
251 1847 329 1886 dici
359 1849 467 1895 ficos,
500 1847 740 1895 caeciliane,
770 1847 892 1885 iubes.

129 1912 308 1951 dicemus
338 1914 447 1960 ficus,
479 1926 577 1963 quas
608 1912 754 1951 scimus
784 1913 823 1950 in
853 1913 992 1951 arbore
1022 1912 1141 1959 nasci,

184 1978 363 2017 dicemus
394 1980 500 2025 ficos,
534 1978 772 2025 Caeciliam,
804 1986 904 2016 tuos.

176 2082 271 2112 LXII
297 2082 369 2112 hah.
397 2082 427 2112 T
554 2084 574 2112 6
598 2083 713 2113 ueniet
734 2083 783 2114 CA
800 2087 838 2113 ul
852 2083 915 2113 vid.

177 2126 292 2156 LXIII
317 2126 391 2159 hab.
412 2125 446 2155 R
580 2136 594 2156 1
620 2132 736 2157 nostra
754 2126 869 2166 rogas]
887 2131 1023 2157 nostras
1040 2125 1074 2155 R

177 2170 290 2200 LXIV
314 2169 386 2200 hah.
412 2169 442 2199 T
525 2180 544 2209 3
569 2181 642 2200 cum
660 2171 793 2201 AACA:
819 2171 895 2200 dum
915 2170 969 2199 ΒΑ

179 2213 271 2243 LXV
294 2213 367 2244 hab.
388 2213 421 2243 R
553 2224 572 2252 3
598 2214 748 2244 dicemus
765 2214 946 2245 ΑΑΒΑΕΛ.
967 2213 1032 2244 cod.
1058 2213 1184 2244 Charis.
1207 2217 1238 2253 p.
1256 2222 1297 2251 95
1314 2212 1358 2247 K,
1380 2212 1469 2242 codd.

136 2256 236 2287 Prisc.
250 2256 310 2297 Ip.
326 2258 386 2286 261
403 2256 445 2292 K,
462 2260 532 2297 etp.
545 2258 606 2295 267
620 2257 677 2288 K:
697 2258 846 2288 dicamus
860 2257 949 2288 codd.
963 2257 1063 2287 Probi
1074 2262 1105 2297 p.
1124 2267 1162 2286 21
1178 2256 1212 2286 K
1269 2257 1352 2286 ficus
1366 2256 1472 2286 BACA

136 2305 173 2330 ut
187 2300 251 2332 vid.
274 2300 344 2335 (scd
359 2301 440 2330 ficos
457 2300 514 2340 E),
534 2300 599 2332 cod.
624 2301 763 2339 Choria,
785 2301 874 2332 codd.
889 2301 991 2332 Prisc.
1013 2312 1019 2331 :
1043 2301 1123 2331 ficos
1141 2300 1201 2329 ΑΑ
1216 2299 1344 2329 Probus
1455 2310 1471 2335 4

137 2345 286 2374 dicemus
310 2343 490 2381 ΛΑΒΑΕΑ,
519 2344 607 2374 codd.
633 2344 744 2384 Proh.7
770 2345 856 2376 codd.
883 2345 986 2375 Prisc.
1011 2350 1045 2384 p.
1066 2346 1127 2373 261
1146 2343 1200 2373 K:
1233 2344 1382 2373 dicamus
1406 2343 1471 2373 cod.

141 2387 268 2418 Charis.
360 2388 442 2418 ficos
463 2388 580 2417 ΑΑΒΑ
598 2392 634 2418 ut
656 2388 719 2419 vid.
740 2388 788 2418 CA
804 2392 842 2418 ut
864 2388 927 2419 vid.
943 2388 1014 2427 (sed
1028 2389 1110 2418 ficus
1123 2386 1215 2426 XG),
1235 2386 1301 2417 cod.
1322 2386 1446 2417 Charis.
1468 2398 1473 2414 z

140 2431 222 2462 ficus
239 2430 328 2462 codd.
350 2431 460 2470 Proh„
480 2431 567 2461 codd.
585 2431 684 2462 Przsc.
701 2440 734 2471 p.
757 2433 816 2462 26t
835 2431 871 2462 K
