1684 2763
775 146 1247 185 EPIGRAMMA'I‘ON
1280 148 1383 185 LIB.
1419 149 1457 185 11

611 257 746 293 XLVI

128 325 282 364 Florida
312 340 380 376 per
410 325 535 364 varios
566 333 608 363 ut
638 325 810 376 pingitur
842 327 976 376 Hybla
1006 329 1170 368 colores.

177 405 267 429 cum
299 392 416 430 breve
446 391 626 430 Sicaniae
656 405 721 430 ver
750 394 990 441 populantur
1018 406 1124 442 apes,

123 454 178 492 sic
209 462 275 492 tua
303 453 518 503 subpositis
548 455 761 492 conlucent
791 456 898 504 prela
928 455 1103 499 lacernis,

177 519 232 557 sic
263 519 380 557 micat
411 519 626 558 innumeris
656 521 788 558 arcula
817 520 1080 569 synthesibus,

122 592 241 635 atque
271 599 390 623 unam
421 585 561 624 vestire
591 585 735 624 tribum
768 593 834 623 tua
864 586 1036 624 candida
1066 594 1244 636 possunt.
1444 606 1458 635 ,ε

178 652 309 701 Apula
339 665 419 689 non
451 664 531 689 uno
561 665 662 701 quae
692 665 806 701 grege
838 659 937 690 terra
967 652 1065 689 tulit.

124 724 163 754 tu
195 723 349 766 spectas
380 716 553 754 hiemem
584 716 774 754 succincti
807 718 934 755 lentus
964 717 1081 755 amici

178 795 247 831 pro
277 783 428 820 scelus!
469 789 506 820 et
537 782 666 820 lateris
696 782 836 832 frigora
866 782 952 819 trita
982 782 1109 820 times.

125 848 330 896 Quantum
361 854 453 893 erat,
486 847 629 893 infelix,
662 847 803 896 pannis
834 848 1014 885 fraudare
1045 849 1259 886 duobus—

178 912 274 961 quid
305 913 434 951 renuis
451 915 603 951 ?-—non
635 920 683 959 te,
717 914 904 959 Naevole,
937 915 1005 951 sed
1036 913 1193 951 tineas?
1426 931 1462 952 τε

603 1001 762 1037 XLVII

124 1071 302 1109 Subdola
333 1072 508 1109 famosae
538 1084 684 1109 moneo
715 1072 804 1120 suge
835 1070 930 1108 retia
962 1072 1163 1117 moechae,

178 1136 298 1175 levior
327 1149 351 1174 o
381 1135 556 1182 conchis,
589 1137 712 1182 Galle,
746 1135 999 1185 Cytheriacis.

124 1201 292 1240 confidis
322 1201 513 1239 natibus?
553 1215 632 1239 non
664 1208 721 1239 est
752 1200 895 1250 pedico
926 1200 1110 1238 maritus:

178 1280 279 1316 quae
309 1266 424 1305 faciat
454 1267 535 1305 duo
566 1274 684 1304 sunt:
723 1266 884 1304 irrumat
914 1273 981 1304 aut
1012 1266 1138 1304 futuit.

591 1364 773 1400 XLVIII

233 1435 441 1484 Coponem
473 1434 702 1484 laniumque
732 1435 1009 1483 balneumque.

233 1507 432 1538 tonsorem
464 1500 720 1549 tabulamque
750 1500 1003 1548 calculosque

232 1572 270 1604 et
300 1579 460 1615 paucos,
493 1566 562 1603 sed
593 1572 634 1602 ut
664 1565 816 1614 eligam,
848 1563 1027 1602 libellos:

233 1644 355 1669 unum
387 1643 467 1668 non
497 1629 664 1668 nimium
694 1630 832 1667 rudem
864 1629 1040 1667 sodalem

232 1703 270 1734 et
299 1697 488 1746 grandem
518 1709 683 1745 puerum
715 1695 863 1744 diuque
893 1696 1018 1733 levem
1438 1711 1453 1741 5

232 1768 270 1799 et
300 1775 429 1799 caram
460 1774 583 1811 puero
614 1774 704 1798 meo
734 1761 932 1810 puellam:

233 1828 330 1865 haec
360 1833 514 1876 praesta
544 1826 651 1873 mihi,
686 1827 801 1872 Rufe,
833 1826 893 1864 vel
926 1825 1123 1871 Butuntis,

233 1899 269 1930 et
301 1893 472 1930 thermas
503 1891 573 1929 tibi
604 1891 707 1930 habe
739 1890 998 1929 Neronianas.

608 1980 746 2016 XLIX

125 2051 295 2087 onrem
328 2050 421 2087 nolo
451 2049 678 2088 Telesinam
709 2050 880 2088 ducere:
915 2049 1065 2098 quare?

180 2116 347 2153 moecha
377 2123 445 2153 est.
504 2116 584 2153 Sed
614 2114 744 2165 pueris
775 2116 842 2153 dat
872 2113 1067 2152 Telesina.
1128 2115 1243 2151 Volo.

168 2208 278 2238 XLVI
303 2218 352 2238 vv.
378 2218 447 2246 1-4.
470 2218 555 2246 7⁴0
572 2207 646 2238 lzab.
672 2208 701 2238 T
884 2217 904 2246 3
929 2207 1107 2237 conlucent
1125 2206 1259 2236 AACA:
1285 2205 1458 2244 perlucent

127 2251 252 2291 (PQf)
265 2252 313 2281 vel
326 2251 592 2291 praelucenfflLx
605 2252 659 2281 BA
673 2253 747 2290 (seq.
765 2252 853 2290 pre-W
901 2250 1012 2290 prela]
1032 2255 1128 2289 prata
1149 2250 1196 2280 CA
1271 2251 1290 2279 8
1309 2249 1393 2278 later
1416 2248 1460 2277 T:

125 2295 222 2325 lateri
240 2295 314 2326 Ital.
406 2295 427 2325 s.
450 2300 522 2325 tuta
540 2296 639 2325 times
654 2295 730 2325 Ital.
750 2306 756 2325 :
784 2294 805 2325 f.
828 2299 867 2325 tr.
888 2294 934 2324 tui
951 2293 1181 2324 Fricdlaendea·
1342 2303 1362 2329 9
1388 2297 1458 2321 erat

125 2349 190 2369 om.
217 2338 246 2368 T
342 2349 381 2368 10
404 2339 484 2377 quid
504 2338 598 2374 (XG)
617 2338 667 2369 vel
680 2339 768 2377 quod
789 2337 946 2371 (EABO
966 2337 1013 2367 CA
1103 2336 1225 2367 metuis
1241 2336 1321 2365 AA:
1348 2335 1459 2364 renuis

124 2381 231 2412 BACA
372 2382 499 2412 XLVII
525 2393 574 2412 vv.
598 2391 656 2412 1=2
681 2381 754 2412 hab.
783 2381 812 2410 T
896 2392 914 2410 2
939 2381 975 2421 o]
995 2392 1013 2411 e
1033 2380 1081 2410 CA
1177 2390 1197 2418 3
1223 2378 1363 2409 confidis
1380 2377 1432 2406 BA
1454 2389 1458 2405 :

126 2425 277 2456 confides
297 2425 345 2456 CA
363 2426 443 2466 <pro
461 2426 525 2456 -dis
537 2428 560 2465 2)
698 2424 814 2455 XLIX
839 2425 911 2455 hah.
938 2424 967 2454 T
1021 2424 1105 2453 Cum
1132 2422 1277 2452 XLVIII
1296 2420 1387 2458 confl.
1409 2420 1458 2449 R*
