1684 2763
797 166 1266 205 EPIGRAMMATON
1301 167 1401 203 LIB.
1437 168 1471 202 V

649 279 743 317 LVI

245 351 320 391 Cui
351 352 491 397 tradas,
524 352 646 401 Lupe,
679 350 801 388 filium
833 349 1018 399 magistro

245 417 399 467 quaeris
429 416 618 455 sollicitus
648 415 716 454 diu
747 428 949 466 rogasque.

245 483 397 521 Omnes
425 481 782 532 grammaticosque
813 482 1069 530 rhetorasque

245 547 396 586 devites
427 560 598 585 moneo:
638 546 733 584 nihil
764 545 813 584 sit
842 545 895 583 illi

246 626 337 651 cum
368 612 475 651 libris
506 612 711 652 Ciceronis
740 619 808 650 aut
841 611 1030 658 Maronis,
1461 624 1478 655 5

248 679 375 716 famae
405 677 596 716 Tutilium
629 691 723 716 suae
753 677 971 727 relinquat3

249 743 280 781 si
310 756 444 781 versus
474 742 576 790 facit,
608 742 771 781 abdices
801 749 972 792 poetam.

249 816 350 846 artes
381 808 532 846 discere
561 810 643 846 vult
672 807 940 858 pecuniosas?

250 875 311 912 fac
340 873 465 912 discat
495 873 746 912 citharoedus
775 882 842 911 aut
872 874 1101 919 choraules,

250 938 281 976 si
312 938 397 977 duri
428 952 524 989 puer
554 938 685 988 ingeni
715 938 883 985 videtur,
1447 952 1484 973 10

252 1017 488 1054 praeconem
519 1003 638 1042 facias
668 1005 728 1042 vel
757 1003 1028 1042 architectum.

644 1082 761 1118 LVII

144 1154 247 1191 Cum
278 1165 378 1190 voco
408 1159 445 1190 te
475 1151 694 1199 dominum,
727 1152 807 1190 noli
838 1151 919 1199 tibi,
953 1151 1094 1199 Cinna,
1126 1153 1302 1202 placere:

198 1231 316 1268 saepe
346 1216 464 1256 etiam
495 1231 649 1256 servum
681 1217 735 1255 sic
765 1219 935 1256 resaluto
965 1225 1088 1255 tuum.

632 1295 773 1332 LVIII

147 1366 243 1405 Cras
274 1372 312 1403 te
341 1364 546 1411 victurum,
579 1378 663 1403 cras
694 1364 803 1412 dicis,
838 1367 1038 1412 Postume,
1069 1379 1233 1415 semper.

200 1429 265 1468 dic
295 1429 402 1477 mihi,
435 1444 518 1468 cras
548 1430 664 1477 istud,
699 1432 898 1477 Postume,
931 1431 1093 1480 quando
1123 1430 1259 1469 venit?

147 1508 267 1545 quam
297 1497 413 1545 longe
443 1509 527 1533 cras
557 1495 673 1543 istud,
706 1495 773 1534 ubi
804 1497 891 1534 est?
929 1503 995 1533 aut
1025 1497 1132 1534 unde
1162 1497 1410 1549 petendum?

202 1560 398 1610 numquid
427 1562 535 1610 apud
567 1562 732 1599 Parthos
763 1561 1054 1610 Armeniosque
1083 1562 1206 1600 latet?

150 1626 225 1664 iam
256 1639 339 1663 cras
370 1625 474 1664 istud
505 1626 624 1664 habet
655 1625 798 1663 Priami
828 1627 888 1664 vel
920 1625 1098 1664 Nestoris
1127 1639 1264 1665 annos.
1469 1643 1486 1673 5

203 1704 286 1729 cras
317 1690 421 1729 istud
452 1691 600 1741 quanti,
632 1691 696 1729 dic
727 1690 834 1737 mihi,
867 1699 1000 1741 posset
1029 1691 1137 1729 emi?

149 1769 234 1794 cras
264 1755 399 1794 vives?
437 1756 557 1794 hodie
586 1756 664 1794 iam
694 1756 834 1803 vivere,
866 1758 1066 1804 Postume,
1098 1770 1226 1795 serum
1257 1764 1341 1795 est:

205 1820 268 1860 ille
297 1820 398 1871 sapit
428 1821 616 1871 quisquis,
650 1823 850 1869 Postume,
882 1821 975 1860 vixit
1004 1821 1098 1860 heri.

664 1900 760 1936 LIX

153 1970 275 2018 Quod
306 1982 386 2007 non
416 1977 632 2019 argentum,
665 1971 774 2019 quod
804 1983 884 2008 non
915 1969 985 2008 tibi
1016 1969 1206 2008 mittimus
1236 1983 1374 2008 aurum

208 2035 284 2072 hoc
314 2033 478 2072 facimus
508 2048 636 2081 causa,
670 2037 790 2074 Stella
819 2035 973 2082 diserte,
1007 2043 1083 2074 tua.

154 2099 332 2149 quisquis
363 2112 505 2148 magna
534 2099 656 2147 dedit,
687 2100 810 2138 voluit
840 2099 913 2138 sibi
945 2113 1087 2150 magna
1116 2100 1284 2147 remitti,

210 2164 395 2202 fictilibus
425 2164 568 2203 nostris
599 2173 833 2204 exoneratus
863 2165 947 2204 eris.

201 2268 275 2298 LVI
305 2278 317 2298 1
337 2268 450 2308 lupem
468 2268 523 2298 ΒΑ
667 2281 686 2308 4
712 2269 836 2300 diuites
852 2269 905 2300 ΒΑ
927 2270 1018 2305 (cum
1036 2270 1112 2306 EG)
1248 2272 1268 2300 6
1293 2269 1426 2300 utilium
1446 2271 1492 2301 (Ἀ

158 2312 324 2350 relinquat
338 2312 391 2341 ΒΑ
408 2323 415 2342 2
440 2313 613 2351 relinquas
632 2312 679 2343 CA
873 2313 965 2344 LVII
991 2313 1064 2344 hab.
1092 2313 1151 2344 TR
1241 2325 1259 2344 2
1277 2314 1424 2344 resoluto
1436 2314 1492 2342 ΛΑ

159 2357 250 2394 (cum
272 2354 314 2392 L)
406 2360 499 2385 tuum
517 2367 556 2386 ex
573 2367 682 2386 meum
700 2356 755 2386 BA
954 2357 1066 2388 LVIII
1089 2368 1101 2388 1
1122 2356 1172 2396 te]
1191 2357 1277 2388 bene
1294 2357 1329 2386 D
1352 2367 1372 2396 3
1394 2358 1494 2394 longe

158 2403 209 2428 est
225 2397 279 2427 BA
297 2410 302 2428 :
327 2398 426 2437 longe
446 2410 525 2435 gom.
546 2402 611 2437 est)
631 2400 678 2430 CA
696 2412 703 2430 :
718 2400 800 2439 fort.
821 2400 955 2439 longest
1107 2403 1128 2430 6
1152 2406 1268 2440 posset
1284 2401 1337 2430 BA
1354 2412 1361 2431 ε
1386 2401 1493 2440 possit

159 2441 206 2471 CA
342 2452 359 2480 7
384 2442 491 2483 vives]
511 2443 600 2473 uiuis
615 2443 668 2473 ΒΑ
760 2444 892 2474 tardum
909 2444 962 2474 ΒΑ
979 2456 985 2475 :
1008 2454 1121 2474 serum
1149 2444 1196 2474 CA

205 2494 308 2516 MART.
329 2494 381 2516 ΕΡ.
1324 2487 1365 2516 10
