1684 2763
223 151 277 187 M.
309 150 431 188 VAL.
465 151 775 189 MARTIALIS

224 263 338 301 ‘Non
368 265 502 301 vacat’
531 272 597 302 aut
630 262 820 302 ‘dormit'
848 263 996 303 dictum
1027 272 1084 303 est
1114 264 1172 303 bis
1203 272 1337 315 terque
1366 278 1528 304 reverso.

277 328 360 365 Iam
392 327 483 366 satis
513 336 596 366 est:
636 341 715 367 non
745 327 812 375 vis,
844 329 948 376 Afer,
981 329 1147 367 havere:
1187 330 1280 366 vale.

648 406 729 442 VII
762 403 902 455 (VIII)

220 467 441 515 Tamquam
472 479 588 516 parva
617 467 715 504 foret
745 480 857 505 sexus
887 465 1025 505 iniuria
1054 467 1174 505 nostri

274 531 492 569 foedandos
521 532 670 581 populo
699 531 943 580 prostituisse
973 544 1108 578 mares,

219 595 295 633 iam
326 604 450 634 cunae
479 595 632 633 lenonis
662 603 780 642 erant,
814 602 855 633 ut
884 595 934 634 ab
964 595 1084 634 ubere
1114 604 1244 646 raptus

273 660 431 698 sordida
461 660 589 709 vagitu
619 668 798 709 posceret
827 673 916 698 aera
944 673 1063 711 puer:

219 725 411 762 inmatura
440 724 587 762 dabant
616 724 796 763 infandas
826 737 989 775 corpora
1017 738 1175 775 poenas.
1526 741 1543 773 5

274 790 367 827 Non
397 788 483 827 tulit
512 788 712 827 Ausonius
743 789 833 827 talia
862 796 1036 828 monstra
1065 797 1183 840 pater,

220 851 325 888 idem
354 851 421 900 qui
450 851 592 889 teneris
622 864 746 900 nuper
775 851 963 889 succurrit
993 852 1167 902 ephebis,

273 929 321 953 ne
351 916 494 954 faceret
524 915 672 954 steriles
702 929 816 954 saeva
845 916 968 955 libido
998 916 1110 955 viros.

223 980 401 1018 Dilexere
430 980 535 1030 prius
564 980 673 1030 pueri
702 980 940 1030 iuvenesque
969 994 1172 1031 senesque,

273 1053 311 1083 at
341 1059 446 1083 nunc
476 1045 642 1084 infantes
673 1053 710 1084 te
739 1059 908 1095 quoque,
942 1047 1098 1093 Caesar,
1129 1053 1271 1083 amant.
1509 1061 1548 1082 10

658 1123 764 1159 VIII
797 1121 892 1172 (IX)

222 1183 287 1220 Nil
317 1182 387 1220 tibi
417 1182 557 1232 legavit
588 1183 743 1230 Fabius,
777 1183 996 1233 Bithynice,
1025 1184 1087 1222 cui
1118 1190 1158 1221 tu

274 1261 414 1294 annua,
447 1247 477 1285 si
509 1247 682 1295 memini,
712 1248 818 1286 milia
847 1261 941 1286 sena
969 1248 1102 1286 dabas.

222 1314 307 1361 plus
338 1312 432 1350 nulli
463 1312 571 1350 dedit
602 1312 688 1350 ille:
729 1313 849 1362 queri,
883 1313 1099 1362 Bithynice,
1133 1313 1237 1349 noli:

275 1389 405 1414 annua
434 1377 574 1425 legavit
604 1376 710 1415 milia
739 1390 832 1415 sena
862 1377 942 1415 tibi.

705 1455 763 1491 IX
793 1453 865 1504 (X)

329 1516 469 1560 Ques,
501 1516 710 1562 Canthare,
742 1528 831 1553 cum
861 1515 952 1553 foris
987 1515 1162 1561 libenter,

329 1580 473 1617 clamas
503 1587 540 1617 et
571 1580 772 1618 maledicis
802 1587 839 1618 et
870 1579 1037 1618 minaris.

329 1645 505 1694 deponas
534 1644 687 1682 animos
718 1652 844 1683 truces
874 1657 1107 1683 monemus:

330 1708 426 1746 liber
456 1722 535 1746 non
566 1716 677 1758 potes
708 1717 745 1747 et
774 1711 932 1759 gulosus
963 1723 1056 1747 esso.

716 1787 752 1822 X
784 1785 854 1835 (V)

224 1846 384 1884 Nubere
414 1845 470 1882 vis
504 1845 660 1883 Prisco:
701 1860 780 1884 non
810 1846 936 1893 miror,
970 1848 1114 1892 Paula,·
1153 1845 1296 1894 sapisti.

278 1911 421 1947 ducere
451 1917 488 1947 te
520 1923 598 1947 non
628 1911 709 1948 vult
740 1910 918 1948 Priscus:
958 1918 994 1948 et
1024 1911 1087 1949 ille
1118 1910 1226 1959 sapit.

759 1987 816 2023 XI

334 2047 491 2083 Nomen
524 2060 613 2084 cum
644 2047 753 2084 violis
785 2047 959 2096 rosisque
990 2055 1136 2093 natum,

334 2123 413 2158 quo
444 2123 530 2159 pars
561 2111 708 2160 optima
738 2111 961 2149 nominatur
989 2111 1091 2157 anni,

270 2214 315 2244 VI
335 2223 354 2252 3
379 2213 503 2242 dictum
524 2214 604 2251 (om.
627 2213 692 2246 cstI
713 2214 760 2243 CA
781 2216 861 2254 (pro
878 2214 1074 2253 dictumstl)
1158 2213 1331 2251 histerquc
1352 2213 1399 2243 CA
1533 2224 1551 2251 4

226 2261 297 2290 afer
315 2257 436 2286 nonnis
456 2257 566 2291 (nouis
586 2256 648 2291 CA}
669 2258 793 2287 habere
810 2257 922 2287 AACA
1098 2256 1161 2285 Vll
1189 2257 1261 2287 lmh.
1288 2257 1316 2286 T
1401 2267 1420 2294 3
1445 2266 1549 2286 cunae

225 2314 261 2333 ex
279 2310 378 2331 curae
396 2302 432 2328 ut
448 2299 509 2329 vid.
528 2298 582 2328 BA
602 2309 729 2339 (cumre
747 2300 787 2340 L,
808 2310 905 2330 curae
922 2299 1021 2339 PQf)
1091 2304 1123 2329 et
1147 2300 1175 2329 T
1259 2310 1277 2338 5
1303 2300 1425 2329 dabant
1442 2309 1505 2330 om.
1527 2299 1555 2328 T

222 2344 304 2376 VIII
322 2353 334 2373 1
354 2343 492 2380 negauit
506 2342 559 2371 ΒΑ
622 2344 711 2373 cultu
726 2343 775 2373 CA
842 2355 860 2381 4
879 2343 1003 2381 legabit
1014 2343 1066 2373 BA
1082 2344 1160 2383 (pro
1174 2343 1268 2382 -uit.?)
1370 2342 1419 2372 IX
1435 2342 1508 2374 hab.
1526 2342 1555 2372 T

226 2390 258 2419 X
282 2386 354 2417 hab.
375 2386 406 2415 R
481 2395 492 2414 1
514 2386 769 2423 priscoAAsA:
793 2387 902 2425 crispo
913 2386 968 2416 ΒΑ
1085 2396 1104 2415 2
1120 2386 1250 2424 priscus
1262 2384 1393 2417 AACA:
1420 2386 1549 2424 crispus

225 2432 277 2462 ΒΛ
372 2428 427 2459 ille
444 2427 578 2458 [IACA2
605 2429 676 2467 ipse
695 2429 748 2459 BA
933 2429 981 2459 XI
1007 2440 1026 2458 2
1045 2439 1109 2459 non
1132 2439 1163 2467 p.
1184 2428 1233 2459 CA
1255 2428 1335 2469 (pro
1352 2427 1472 2471 <Q>uo
1489 2429 1548 2469 p.?)
