1684 2763
185 152 239 188 M.
272 151 393 188 VAL.
426 150 739 187 MARTIALIS

184 278 264 303 non
294 273 426 303 tamen
455 265 532 302 hoc
560 263 725 302 nimium
756 263 852 301 nihil
882 270 949 309 est,
982 262 1013 300 si
1043 261 1235 300 candidus
1264 274 1356 299 aure

239 344 312 369 nee
341 329 532 367 matutina
561 329 592 367 si
622 328 717 366 mihi
747 330 874 367 fronte
903 327 1022 366 venis.
1473 340 1509 363 10

700 418 766 454 III

186 494 327 532 Omnis
355 494 395 531 in
425 495 501 531 hoc
530 493 660 543 gracili
689 495 922 531 XENIORVM
952 493 1065 530 turba
1093 491 1226 529 libello

239 558 435 597 constabit
464 557 636 596 nummis
665 565 849 606 quattuor
877 564 1009 607 empta
1036 555 1118 594 tibi.

189 627 385 672 Quattuor
413 631 471 661 est
500 622 695 660 nimium?
733 622 875 671 poterit
903 629 1083 659 constare
1112 620 1282 666 duobus,

240 697 277 727 et
307 688 422 726 faciat
452 690 603 725 lucrum
638 687 866 736 bybliopola
894 687 1096 736 Tryphon.

189 755 300 791 Haec
329 752 419 790 licet
448 751 669 801 hospitibus
699 764 769 800 pro
799 764 960 788 munere
988 749 1156 788 disticha
1184 748 1325 794 mittas,
1494 765 1510 795 5

240 818 270 855 si
301 817 371 855 tibi
400 825 479 855 tam
509 830 615 854 rarus
645 830 763 865 quam
793 815 889 853 mihi
919 828 1104 852 nummus
1133 813 1213 852 erit.

188 883 336 921 Addita
364 896 432 932 per
462 882 594 919 titulos
624 895 693 919 sua
722 880 883 919 nomina
911 880 1028 918 rebus
1057 878 1244 917 habebis:

241 956 471 997 praetereas,
500 947 530 985 si
561 946 655 996 quid
686 960 766 983 non
796 945 886 984 facit
915 946 965 983 ad
994 945 1254 983 stomachum.

642 1036 712 1072 IV.
749 1036 838 1072 Tus.

188 1114 301 1149 Serus
332 1118 373 1148 ut
402 1110 597 1148 aetheriae
627 1109 884 1148 Germanicus
914 1109 1078 1158 imperet
1106 1110 1217 1146 aulae

241 1183 361 1225 utque
391 1175 458 1214 diu
488 1175 596 1214 terris
625 1177 685 1222 da,
718 1175 783 1224 pia
811 1182 896 1212 tura
930 1174 1025 1212 Iovi.

636 1264 683 1300 V.
715 1264 843 1311 Piper.

188 1341 310 1377 Cerea
339 1352 439 1388 quae
469 1340 603 1388 patulo
631 1340 735 1376 lucet
764 1340 933 1376 ficedula
961 1339 1109 1383 lumbo,

241 1418 330 1442 eum
361 1403 430 1441 tibi
461 1412 564 1442 sorte
593 1405 716 1450 datur,
749 1403 780 1441 si
810 1403 924 1454 sapis,
955 1404 1058 1441 adde
1087 1402 1206 1452 piper.

628 1493 699 1529 VI.
732 1493 855 1530 Alica.

189 1571 272 1606 Nos
301 1569 451 1615 alicam,
484 1568 625 1618 poterit
655 1570 824 1606 mulsum
855 1567 925 1605 tibi
955 1567 1107 1606 mittere
1136 1567 1256 1605 dives.

241 1634 271 1671 si
301 1633 371 1671 tibi
401 1633 568 1671 noluerit
597 1633 749 1671 mittere
778 1633 902 1680 dives,
929 1646 1046 1671 emes.

625 1722 719 1757 VII.
751 1721 868 1757 Faba.

189 1802 227 1839 Si
257 1809 413 1852 spumet
442 1803 557 1839 rubra
586 1801 748 1839 conchis
780 1801 850 1839 tibi
879 1801 1025 1850 pallida
1054 1808 1162 1846 testa,

243 1869 439 1905 lautorum
470 1866 576 1904 cenis
607 1880 724 1915 saepe
753 1880 893 1915 negare
923 1873 1045 1915 potes.

237 1981 257 2009 9
281 1971 437 2001 conditus
460 1970 490 2000 T
620 1980 659 2000 10
683 1970 776 2000 uenit
798 1969 828 1999 T

238 2013 286 2044 111
311 2014 384 2044 lmb.
411 2014 458 2049 T2
482 2024 531 2044 vv.
547 2014 610 2051 7-8
632 2014 705 2044 hab.
723 2013 756 2044 R
848 2023 861 2043 1
888 2012 1015 2051 graecii
1035 2012 1082 2042 CA
1172 2011 1342 2041 seniorum
1359 2010 1406 2041 CA
1496 2021 1515 2048 4

193 2056 290 2088 faciat
306 2057 389 2087 AA:
413 2057 514 2087 saciet
530 2056 637 2087 BACA
747 2057 812 2095 5*ss
836 2067 908 2086 nov.
934 2057 1031 2096 τρίς-ν.
1057 2056 1090 2084 in
1111 2054 1165 2084 BA
1297 2064 1316 2092 5
1341 2053 1445 2084 mittis
1461 2052 1515 2083 BA

192 2102 212 2130 6
236 2099 320 2141 tam]
333 2111 431 2140 quam
448 2100 496 2130 CA
586 2111 603 2138 7
629 2111 700 2131 nov.
718 2101 815 2140 epigr.
835 2100 868 2129 in
881 2099 936 2129 BA
954 2100 1028 2139 (qm'
1041 2109 1106 2129 om.
1124 2109 1151 2129 v.
1170 2098 1204 2138 8)
1294 2099 1314 2127 8
1338 2101 1516 2137 praeterea

196 2144 243 2174 CA
260 2145 336 2182 (seq.
356 2144 386 2181 s)

237 2187 285 2217 IV
306 2186 381 2218 hab.
403 2186 433 2217 T
523 2196 653 2217 snm-vs
678 2186 708 2225 Q
723 2190 751 2216 et
767 2190 804 2216 ut
819 2186 882 2217 vid.
899 2185 929 2216 L
950 2186 1019 2226 (vix
1034 2185 1105 2218 BA)
1124 2184 1245 2225 (class.
1263 2184 1341 2215 Rev.
1360 2194 1413 2214 xv.
1435 2184 1514 2222 418)

197 2241 208 2259 1
238 2231 343 2261 Serus
359 2229 411 2270 ut]
431 2230 538 2261 Sertis
562 2230 608 2260 T:
645 2230 691 2260 Se
713 2241 771 2260 sur
787 2235 822 2260 ut
844 2233 881 2259 ut
894 2229 959 2260 vid.
983 2229 1032 2259 CA
1052 2228 1171 2269 (Serus
1187 2232 1223 2258 ut
1239 2227 1317 2267 EA,
1337 2227 1465 2257 Caesar
1481 2230 1516 2257 ut

193 2273 230 2302 X
242 2273 391 2313 Eporcd.‚
412 2273 562 2304 Securus
578 2273 626 2311 V)
684 2274 854 2304 aetheriae
870 2275 991 2313 (-reae‘
1010 2296 1018 2304 .
1038 2296 1046 2303 .
1065 2296 1071 2302 .
1093 2272 1190 2302 aulae
1207 2272 1264 2301 ΑΑ
1284 2270 1354 2311 <-rii
1377 2270 1423 2307 T)
1441 2270 1515 2302 BA:

192 2316 343 2348 aetheria
361 2318 465 2357 (-rea)
484 2343 490 2348 .
509 2342 516 2349 .
534 2341 541 2348 .
561 2318 637 2347 aula
655 2317 702 2347 CA
1047 2315 1078 2345 V
1101 2316 1173 2346 hal).
1196 2315 1225 2345 T
1310 2324 1324 2344 1
1350 2314 1450 2343 limbo
1469 2313 1518 2344 CA

194 2372 212 2390 2
235 2360 323 2391 forte
338 2360 414 2392 Ital.
659 2360 706 2390 VI
731 2360 803 2391 hab.
831 2359 890 2390 TR
978 2368 1109 2389 HALxCA
1127 2358 1175 2389 CA
1267 2367 1281 2388 1
1307 2357 1448 2387 halicarn
1469 2356 1518 2387 CA

194 2415 213 2434 2
238 2414 330 2435 emes
346 2403 428 2434 AA:
452 2403 537 2434 emis
553 2403 608 2433 ΒΑ
624 2403 707 2443 (pro
723 2404 810 2444 -es?)
827 2415 833 2434 :
858 2413 932 2434 eme
950 2402 999 2433 CA
1277 2400 1342 2431 VII
1360 2400 1432 2431 hab.
1457 2399 1518 2430 TR
