<?xml version="1.0" encoding="UTF-8"?>
<!DOCTYPE html PUBLIC "-//W3C//DTD XHTML 1.0 Transitional//EN"
    "http://www.w3.org/TR/xhtml1/DTD/xhtml1-transitional.dtd">
<html xmlns="http://www.w3.org/1999/xhtml" xml:lang="en" lang="en">
 <head>
  <title>
</title>
<meta http-equiv="Content-Type" content="text/html;charset=utf-8" />
  <meta name='ocr-system' content='tesseract 3.04.00' />
  <meta name='ocr-capabilities' content='ocr_page ocr_carea ocr_par ocr_line ocrx_word'/>
</head>
<body>
  <div class='ocr_page' id='page_1' title='image "./epigrammatarecog00martuoft/epigrammatarecog00martuoft_0341.png"; bbox 0 0 1684 2763; ppageno 0'>
   <div class='ocr_carea' id='block_1_1' title="bbox 795 114 1460 153">
    <p class='ocr_par' dir='ltr' id='par_1_1' title="bbox 795 114 1460 153">
     <span class='ocr_line' id='line_1_1' title="bbox 795 114 1460 153; baseline 0.002 -3"><span class='ocrx_word' id='word_1_1' title='bbox 795 114 1260 153; x_wconf 60' lang='lat' dir='ltr'>EPI(:R„=m11v1ATON</span> <span class='ocrx_word' id='word_1_2' title='bbox 1292 115 1344 151; x_wconf 88' lang='lat' dir='ltr'>LI</span> <span class='ocrx_word' id='word_1_3' title='bbox 1353 115 1394 151; x_wconf 80' lang='lat' dir='ltr'>B.</span> <span class='ocrx_word' id='word_1_4' title='bbox 1428 115 1460 151; x_wconf 90' lang='lat' dir='ltr'><em>X</em></span> 
     </span>
    </p>
   </div>
   <div class='ocr_carea' id='block_1_2' title="bbox 635 224 747 262">
    <p class='ocr_par' dir='ltr' id='par_1_2' title="bbox 635 224 747 262">
     <span class='ocr_line' id='line_1_2' title="bbox 635 224 747 262; baseline 0 -1"><span class='ocrx_word' id='word_1_5' title='bbox 635 224 747 262; x_wconf 84' lang='lat' dir='ltr'>XCV</span> 
     </span>
    </p>
   </div>
   <div class='ocr_carea' id='block_1_3' title="bbox 135 304 1476 1419">
    <p class='ocr_par' dir='ltr' id='par_1_3' title="bbox 135 304 1476 1419">
     <span class='ocr_line' id='line_1_3' title="bbox 139 304 1174 352; baseline 0 -9"><span class='ocrx_word' id='word_1_6' title='bbox 139 306 334 343; x_wconf 78' lang='lat' dir='ltr'>Infantem</span> <span class='ocrx_word' id='word_1_7' title='bbox 366 304 434 343; x_wconf 88' lang='lat' dir='ltr'>tibi</span> <span class='ocrx_word' id='word_1_8' title='bbox 466 304 531 351; x_wconf 90' lang='lat' dir='ltr'>vir,</span> <span class='ocrx_word' id='word_1_9' title='bbox 564 304 646 352; x_wconf 90' lang='lat' dir='ltr'>tibi,</span> <span class='ocrx_word' id='word_1_10' title='bbox 680 306 802 351; x_wconf 85' lang='lat' dir='ltr'>Galla,</span> <span class='ocrx_word' id='word_1_11' title='bbox 836 304 982 343; x_wconf 75' lang='lat' dir='ltr'>remisit</span> <span class='ocrx_word' id='word_1_12' title='bbox 1012 307 1174 343; x_wconf 77' lang='lat' dir='ltr'>adulter.</span> 
     </span>
     <span class='ocr_line' id='line_1_4' title="bbox 190 369 1107 419; baseline 0.001 -12"><span class='ocrx_word' id='word_1_13' title='bbox 190 369 258 417; x_wconf 84' lang='lat' dir='ltr'>Hi,</span> <span class='ocrx_word' id='word_1_14' title='bbox 289 377 396 419; x_wconf 85' lang='lat' dir='ltr'>puto,</span> <span class='ocrx_word' id='word_1_15' title='bbox 429 384 507 408; x_wconf 93' lang='lat' dir='ltr'>non</span> <span class='ocrx_word' id='word_1_16' title='bbox 538 369 659 408; x_wconf 88' lang='lat' dir='ltr'>dubie</span> <span class='ocrx_word' id='word_1_17' title='bbox 689 383 730 408; x_wconf 82' lang='lat' dir='ltr'>se</span> <span class='ocrx_word' id='word_1_18' title='bbox 759 369 922 408; x_wconf 86' lang='lat' dir='ltr'>futuisse</span> <span class='ocrx_word' id='word_1_19' title='bbox 952 378 1107 419; x_wconf 80' lang='lat' dir='ltr'>negant.</span> 
     </span>
     <span class='ocr_line' id='line_1_5' title="bbox 618 452 753 490; baseline 0.007 -2"><span class='ocrx_word' id='word_1_20' title='bbox 618 452 753 490; x_wconf 80' lang='lat' dir='ltr'>XCVI</span> 
     </span>
     <span class='ocr_line' id='line_1_6' title="bbox 138 521 1303 573; baseline 0.001 -13"><span class='ocrx_word' id='word_1_21' title='bbox 138 525 262 572; x_wconf 72' lang='lat' dir='ltr'>Saepe</span> <span class='ocrx_word' id='word_1_22' title='bbox 292 524 430 572; x_wconf 82' lang='lat' dir='ltr'>loquar</span> <span class='ocrx_word' id='word_1_23' title='bbox 461 521 625 560; x_wconf 86' lang='lat' dir='ltr'>nimium</span> <span class='ocrx_word' id='word_1_24' title='bbox 656 530 793 573; x_wconf 77' lang='lat' dir='ltr'>gentes</span> <span class='ocrx_word' id='word_1_25' title='bbox 823 524 943 572; x_wconf 78' lang='lat' dir='ltr'>quod,</span> <span class='ocrx_word' id='word_1_26' title='bbox 976 522 1101 569; x_wconf 85' lang='lat' dir='ltr'>Avite,</span> <span class='ocrx_word' id='word_1_27' title='bbox 1135 530 1303 561; x_wconf 85' lang='lat' dir='ltr'>remotas</span> 
     </span>
     <span class='ocr_line' id='line_1_7' title="bbox 191 587 1004 635; baseline 0.001 -11"><span class='ocrx_word' id='word_1_28' title='bbox 191 587 349 633; x_wconf 87' lang='lat' dir='ltr'>miraris,</span> <span class='ocrx_word' id='word_1_29' title='bbox 384 587 494 625; x_wconf 83' lang='lat' dir='ltr'>Latia</span> <span class='ocrx_word' id='word_1_30' title='bbox 524 589 647 625; x_wconf 87' lang='lat' dir='ltr'>factus</span> <span class='ocrx_word' id='word_1_31' title='bbox 678 587 716 625; x_wconf 90' lang='lat' dir='ltr'>in</span> <span class='ocrx_word' id='word_1_32' title='bbox 747 588 843 625; x_wconf 89' lang='lat' dir='ltr'>urbe</span> <span class='ocrx_word' id='word_1_33' title='bbox 873 601 1004 635; x_wconf 79' lang='lat' dir='ltr'>senex,</span> 
     </span>
     <span class='ocr_line' id='line_1_8' title="bbox 135 652 1261 703; baseline 0.002 -13"><span class='ocrx_word' id='word_1_34' title='bbox 135 653 426 702; x_wconf 81' lang='lat' dir='ltr'>auriferumque</span> <span class='ocrx_word' id='word_1_35' title='bbox 455 654 608 702; x_wconf 79' lang='lat' dir='ltr'>Tagum</span> <span class='ocrx_word' id='word_1_36' title='bbox 639 652 766 691; x_wconf 82' lang='lat' dir='ltr'>sitiam</span> <span class='ocrx_word' id='word_1_37' title='bbox 797 653 1047 703; x_wconf 77' lang='lat' dir='ltr'>patriumque</span> <span class='ocrx_word' id='word_1_38' title='bbox 1078 654 1261 692; x_wconf 86' lang='lat' dir='ltr'>Salonem</span> 
     </span>
     <span class='ocr_line' id='line_1_9' title="bbox 191 718 1072 768; baseline 0 -12"><span class='ocrx_word' id='word_1_39' title='bbox 191 726 228 756; x_wconf 90' lang='lat' dir='ltr'>et</span> <span class='ocrx_word' id='word_1_40' title='bbox 257 725 431 768; x_wconf 77' lang='lat' dir='ltr'><strong>repetam</strong></span> <span class='ocrx_word' id='word_1_41' title='bbox 462 725 614 756; x_wconf 82' lang='lat' dir='ltr'>saturae</span> <span class='ocrx_word' id='word_1_42' title='bbox 644 718 803 756; x_wconf 81' lang='lat' dir='ltr'>sordida</span> <span class='ocrx_word' id='word_1_43' title='bbox 833 732 918 755; x_wconf 87' lang='lat' dir='ltr'>rura</span> <span class='ocrx_word' id='word_1_44' title='bbox 949 732 1072 756; x_wconf 80' lang='lat' dir='ltr'>casae.</span> 
     </span>
     <span class='ocr_line' id='line_1_10' title="bbox 140 783 1472 833; baseline 0 -13"><span class='ocrx_word' id='word_1_45' title='bbox 140 785 211 821; x_wconf 83' lang='lat' dir='ltr'>Illa</span> <span class='ocrx_word' id='word_1_46' title='bbox 240 785 368 833; x_wconf 89' lang='lat' dir='ltr'>placet</span> <span class='ocrx_word' id='word_1_47' title='bbox 397 784 510 821; x_wconf 82' lang='lat' dir='ltr'>tellus</span> <span class='ocrx_word' id='word_1_48' title='bbox 541 783 579 820; x_wconf 89' lang='lat' dir='ltr'>in</span> <span class='ocrx_word' id='word_1_49' title='bbox 611 796 688 832; x_wconf 85' lang='lat' dir='ltr'>qua</span> <span class='ocrx_word' id='word_1_50' title='bbox 718 797 776 821; x_wconf 90' lang='lat' dir='ltr'>res</span> <span class='ocrx_word' id='word_1_51' title='bbox 807 796 924 832; x_wconf 81' lang='lat' dir='ltr'>parva</span> <span class='ocrx_word' id='word_1_52' title='bbox 953 784 1112 821; x_wconf 85' lang='lat' dir='ltr'>beatum</span> <span class='ocrx_word' id='word_1_53' title='bbox 1455 799 1472 830; x_wconf 87' lang='lat'>5</span> 
     </span>
     <span class='ocr_line' id='line_1_11' title="bbox 192 848 1036 898; baseline 0 -12"><span class='ocrx_word' id='word_1_54' title='bbox 192 862 255 886; x_wconf 88' lang='lat' dir='ltr'>me</span> <span class='ocrx_word' id='word_1_55' title='bbox 284 848 375 886; x_wconf 88' lang='lat' dir='ltr'>facit</span> <span class='ocrx_word' id='word_1_56' title='bbox 405 855 443 886; x_wconf 90' lang='lat' dir='ltr'>et</span> <span class='ocrx_word' id='word_1_57' title='bbox 473 856 610 886; x_wconf 87' lang='lat' dir='ltr'>tenues</span> <span class='ocrx_word' id='word_1_58' title='bbox 641 848 883 886; x_wconf 80' lang='lat' dir='ltr'>luxuriantur</span> <span class='ocrx_word' id='word_1_59' title='bbox 913 861 1036 898; x_wconf 88' lang='lat' dir='ltr'>opes:</span> 
     </span>
     <span class='ocr_line' id='line_1_12' title="bbox 140 912 1264 963; baseline -0.001 -12"><span class='ocrx_word' id='word_1_60' title='bbox 140 913 308 963; x_wconf 81' lang='lat' dir='ltr'>pascitur</span> <span class='ocrx_word' id='word_1_61' title='bbox 337 913 411 959; x_wconf 79' lang='lat' dir='ltr'>hic,</span> <span class='ocrx_word' id='word_1_62' title='bbox 444 913 497 951; x_wconf 91' lang='lat' dir='ltr'>ibi</span> <span class='ocrx_word' id='word_1_63' title='bbox 527 913 651 963; x_wconf 88' lang='lat' dir='ltr'>pascit</span> <span class='ocrx_word' id='word_1_64' title='bbox 680 926 797 962; x_wconf 75' lang='lat' dir='ltr'>ager3</span> <span class='ocrx_word' id='word_1_65' title='bbox 836 921 941 962; x_wconf 85' lang='lat' dir='ltr'>tepet</span> <span class='ocrx_word' id='word_1_66' title='bbox 972 913 1062 963; x_wconf 78' lang='lat' dir='ltr'>igne</span> <span class='ocrx_word' id='word_1_67' title='bbox 1092 912 1264 962; x_wconf 78' lang='lat' dir='ltr'>maligno</span> 
     </span>
     <span class='ocr_line' id='line_1_13' title="bbox 192 977 1009 1027; baseline -0.001 -11"><span class='ocrx_word' id='word_1_68' title='bbox 192 978 256 1016; x_wconf 89' lang='lat' dir='ltr'>hic</span> <span class='ocrx_word' id='word_1_69' title='bbox 286 979 407 1025; x_wconf 88' lang='lat' dir='ltr'>focus,</span> <span class='ocrx_word' id='word_1_70' title='bbox 440 977 587 1027; x_wconf 80' lang='lat' dir='ltr'>ingenti</span> <span class='ocrx_word' id='word_1_71' title='bbox 618 977 766 1016; x_wconf 86' lang='lat' dir='ltr'>lumine</span> <span class='ocrx_word' id='word_1_72' title='bbox 796 980 900 1016; x_wconf 87' lang='lat' dir='ltr'>lucet</span> <span class='ocrx_word' id='word_1_73' title='bbox 930 978 1009 1025; x_wconf 75' lang='lat' dir='ltr'>ibi3</span> 
     </span>
     <span class='ocr_line' id='line_1_14' title="bbox 140 1043 1148 1094; baseline -0.001 -13"><span class='ocrx_word' id='word_1_74' title='bbox 140 1043 202 1082; x_wconf 85' lang='lat' dir='ltr'>hic</span> <span class='ocrx_word' id='word_1_75' title='bbox 232 1044 398 1094; x_wconf 82' lang='lat' dir='ltr'>pretiosa</span> <span class='ocrx_word' id='word_1_76' title='bbox 430 1044 552 1081; x_wconf 90' lang='lat' dir='ltr'>fames</span> <span class='ocrx_word' id='word_1_77' title='bbox 583 1043 918 1092; x_wconf 75' lang='lat' dir='ltr'>conturbatorque</span> <span class='ocrx_word' id='word_1_78' title='bbox 948 1044 1148 1088; x_wconf 85' lang='lat' dir='ltr'>macellus,</span> 
     </span>
     <span class='ocr_line' id='line_1_15' title="bbox 195 1107 1476 1158; baseline -0.002 -12"><span class='ocrx_word' id='word_1_79' title='bbox 195 1121 330 1146; x_wconf 85' lang='lat' dir='ltr'>mensa</span> <span class='ocrx_word' id='word_1_80' title='bbox 359 1107 412 1145; x_wconf 88' lang='lat' dir='ltr'>ibi</span> <span class='ocrx_word' id='word_1_81' title='bbox 443 1107 586 1146; x_wconf 89' lang='lat' dir='ltr'>divitiis</span> <span class='ocrx_word' id='word_1_82' title='bbox 616 1107 712 1145; x_wconf 89' lang='lat' dir='ltr'>ruris</span> <span class='ocrx_word' id='word_1_83' title='bbox 742 1115 878 1158; x_wconf 88' lang='lat' dir='ltr'>operta</span> <span class='ocrx_word' id='word_1_84' title='bbox 912 1107 996 1151; x_wconf 82' lang='lat' dir='ltr'>sui;</span> <span class='ocrx_word' id='word_1_85' title='bbox 1438 1123 1476 1144; x_wconf 91' lang='lat'>10</span> 
     </span>
     <span class='ocr_line' id='line_1_16' title="bbox 141 1174 1164 1224; baseline -0.001 -13"><span class='ocrx_word' id='word_1_86' title='bbox 141 1181 325 1224; x_wconf 79' lang='lat' dir='ltr'>quattuor</span> <span class='ocrx_word' id='word_1_87' title='bbox 354 1174 417 1212; x_wconf 90' lang='lat' dir='ltr'>hic</span> <span class='ocrx_word' id='word_1_88' title='bbox 446 1181 594 1212; x_wconf 80' lang='lat' dir='ltr'>aestate</span> <span class='ocrx_word' id='word_1_89' title='bbox 624 1181 737 1224; x_wconf 82' lang='lat' dir='ltr'>togae</span> <span class='ocrx_word' id='word_1_90' title='bbox 768 1175 946 1223; x_wconf 82' lang='lat' dir='ltr'>pluresve</span> <span class='ocrx_word' id='word_1_91' title='bbox 977 1180 1164 1219; x_wconf 88' lang='lat' dir='ltr'>teruntur,</span> 
     </span>
     <span class='ocr_line' id='line_1_17' title="bbox 194 1238 1024 1288; baseline -0.002 -11"><span class='ocrx_word' id='word_1_92' title='bbox 194 1238 393 1277; x_wconf 78' lang='lat' dir='ltr'>autumnis</span> <span class='ocrx_word' id='word_1_93' title='bbox 422 1238 475 1277; x_wconf 90' lang='lat' dir='ltr'>ibi</span> <span class='ocrx_word' id='word_1_94' title='bbox 507 1252 569 1277; x_wconf 90' lang='lat' dir='ltr'>me</span> <span class='ocrx_word' id='word_1_95' title='bbox 599 1246 784 1288; x_wconf 85' lang='lat' dir='ltr'>quattuor</span> <span class='ocrx_word' id='word_1_96' title='bbox 813 1252 891 1276; x_wconf 89' lang='lat' dir='ltr'>una</span> <span class='ocrx_word' id='word_1_97' title='bbox 921 1238 1024 1288; x_wconf 81' lang='lat' dir='ltr'>tegit.</span> 
     </span>
     <span class='ocr_line' id='line_1_18' title="bbox 143 1302 1289 1354; baseline -0.002 -12"><span class='ocrx_word' id='word_1_98' title='bbox 143 1306 172 1351; x_wconf 75' lang='grc' dir='ltr'>Ι,</span> <span class='ocrx_word' id='word_1_99' title='bbox 205 1305 291 1342; x_wconf 93' lang='lat' dir='ltr'>cole</span> <span class='ocrx_word' id='word_1_100' title='bbox 320 1317 426 1342; x_wconf 89' lang='lat' dir='ltr'>nunc</span> <span class='ocrx_word' id='word_1_101' title='bbox 455 1317 574 1353; x_wconf 79' lang='lat' dir='ltr'>reges,</span> <span class='ocrx_word' id='word_1_102' title='bbox 607 1303 802 1354; x_wconf 86' lang='lat' dir='ltr'>quidquid</span> <span class='ocrx_word' id='word_1_103' title='bbox 832 1317 913 1341; x_wconf 90' lang='lat' dir='ltr'>non</span> <span class='ocrx_word' id='word_1_104' title='bbox 942 1310 1111 1353; x_wconf 79' lang='lat' dir='ltr'>praestat</span> <span class='ocrx_word' id='word_1_105' title='bbox 1140 1302 1289 1341; x_wconf 82' lang='lat' dir='ltr'>amicus</span> 
     </span>
     <span class='ocr_line' id='line_1_19' title="bbox 196 1368 1087 1419; baseline -0.002 -12"><span class='ocrx_word' id='word_1_106' title='bbox 196 1383 285 1407; x_wconf 90' lang='lat' dir='ltr'>cum</span> <span class='ocrx_word' id='word_1_107' title='bbox 316 1376 511 1419; x_wconf 85' lang='lat' dir='ltr'>praestare</span> <span class='ocrx_word' id='word_1_108' title='bbox 541 1369 611 1406; x_wconf 88' lang='lat' dir='ltr'>tibi</span> <span class='ocrx_word' id='word_1_109' title='bbox 640 1368 775 1418; x_wconf 77' lang='lat' dir='ltr'>possit,</span> <span class='ocrx_word' id='word_1_110' title='bbox 807 1368 934 1415; x_wconf 88' lang='lat' dir='ltr'>Avite‚</span> <span class='ocrx_word' id='word_1_111' title='bbox 966 1370 1087 1406; x_wconf 85' lang='lat' dir='ltr'>locus.</span> 
     </span>
    </p>
   </div>
   <div class='ocr_carea' id='block_1_4' title="bbox 624 1451 784 1490">
    <p class='ocr_par' dir='ltr' id='par_1_4' title="bbox 624 1451 784 1490">
     <span class='ocr_line' id='line_1_20' title="bbox 624 1451 784 1490; baseline 0 -2"><span class='ocrx_word' id='word_1_112' title='bbox 624 1451 784 1490; x_wconf 89' lang='lat' dir='ltr'>XCVII</span> 
     </span>
    </p>
   </div>
   <div class='ocr_carea' id='block_1_5' title="bbox 146 1520 1208 1765">
    <p class='ocr_par' dir='ltr' id='par_1_5' title="bbox 146 1520 1208 1700">
     <span class='ocr_line' id='line_1_21' title="bbox 151 1520 1120 1570; baseline -0.001 -11"><span class='ocrx_word' id='word_1_113' title='bbox 151 1525 255 1559; x_wconf 85' lang='lat' dir='ltr'>Dum</span> <span class='ocrx_word' id='word_1_114' title='bbox 285 1521 379 1559; x_wconf 81' lang='lat' dir='ltr'>levis</span> <span class='ocrx_word' id='word_1_115' title='bbox 409 1534 541 1559; x_wconf 85' lang='lat' dir='ltr'>arsura</span> <span class='ocrx_word' id='word_1_116' title='bbox 570 1520 727 1558; x_wconf 83' lang='lat' dir='ltr'>struitur</span> <span class='ocrx_word' id='word_1_117' title='bbox 758 1521 931 1559; x_wconf 89' lang='lat' dir='ltr'>Libitina</span> <span class='ocrx_word' id='word_1_118' title='bbox 960 1534 1120 1570; x_wconf 85' lang='lat' dir='ltr'>papyro,</span> 
     </span>
     <span class='ocr_line' id='line_1_22' title="bbox 198 1585 1143 1632; baseline -0.002 -8"><span class='ocrx_word' id='word_1_119' title='bbox 198 1588 294 1625; x_wconf 86' lang='lat' dir='ltr'>dum</span> <span class='ocrx_word' id='word_1_120' title='bbox 325 1600 494 1624; x_wconf 88' lang='lat' dir='ltr'>murram</span> <span class='ocrx_word' id='word_1_121' title='bbox 524 1593 562 1624; x_wconf 93' lang='lat' dir='ltr'>et</span> <span class='ocrx_word' id='word_1_122' title='bbox 591 1586 713 1624; x_wconf 85' lang='lat' dir='ltr'>casias</span> <span class='ocrx_word' id='word_1_123' title='bbox 744 1585 883 1624; x_wconf 89' lang='lat' dir='ltr'>flebilis</span> <span class='ocrx_word' id='word_1_124' title='bbox 913 1599 1008 1623; x_wconf 79' lang='lat' dir='ltr'>uxor</span> <span class='ocrx_word' id='word_1_125' title='bbox 1037 1585 1143 1632; x_wconf 88' lang='lat' dir='ltr'>emit,</span> 
     </span>
     <span class='ocr_line' id='line_1_23' title="bbox 146 1650 1208 1700; baseline -0.002 -11"><span class='ocrx_word' id='word_1_126' title='bbox 146 1652 222 1689; x_wconf 88' lang='lat' dir='ltr'>iam</span> <span class='ocrx_word' id='word_1_127' title='bbox 253 1651 401 1696; x_wconf 85' lang='lat' dir='ltr'>scrobe,</span> <span class='ocrx_word' id='word_1_128' title='bbox 434 1650 511 1688; x_wconf 89' lang='lat' dir='ltr'>iam</span> <span class='ocrx_word' id='word_1_129' title='bbox 541 1652 654 1697; x_wconf 84' lang='lat' dir='ltr'>lecto,</span> <span class='ocrx_word' id='word_1_130' title='bbox 687 1650 764 1688; x_wconf 90' lang='lat' dir='ltr'>iam</span> <span class='ocrx_word' id='word_1_131' title='bbox 794 1650 1027 1700; x_wconf 86' lang='lat' dir='ltr'>pollinctore</span> <span class='ocrx_word' id='word_1_132' title='bbox 1062 1656 1208 1700; x_wconf 81' lang='lat' dir='ltr'>parato,</span> 
     </span>
    </p>

    <p class='ocr_par' dir='ltr' id='par_1_6' title="bbox 202 1714 1102 1765">
     <span class='ocr_line' id='line_1_24' title="bbox 202 1714 1102 1765; baseline -0.002 -11"><span class='ocrx_word' id='word_1_133' title='bbox 202 1717 388 1754; x_wconf 85' lang='lat' dir='ltr'>heredem</span> <span class='ocrx_word' id='word_1_134' title='bbox 419 1715 571 1765; x_wconf 85' lang='lat' dir='ltr'>scripsit</span> <span class='ocrx_word' id='word_1_135' title='bbox 602 1729 666 1753; x_wconf 91' lang='lat' dir='ltr'>me</span> <span class='ocrx_word' id='word_1_136' title='bbox 696 1717 852 1753; x_wconf 86' lang='lat' dir='ltr'>Numa:</span> <span class='ocrx_word' id='word_1_137' title='bbox 893 1714 1102 1753; x_wconf 79' lang='lat' dir='ltr'>convaluit.</span> 
     </span>
    </p>
   </div>
   <div class='ocr_carea' id='block_1_6' title="bbox 613 1798 797 1836">
    <p class='ocr_par' dir='ltr' id='par_1_7' title="bbox 613 1798 797 1836">
     <span class='ocr_line' id='line_1_25' title="bbox 613 1798 797 1836; baseline 0.005 -2"><span class='ocrx_word' id='word_1_138' title='bbox 613 1798 797 1836; x_wconf 87' lang='lat' dir='ltr'>XCVIII</span> 
     </span>
    </p>
   </div>
   <div class='ocr_carea' id='block_1_7' title="bbox 257 1867 1108 2108">
    <p class='ocr_par' dir='ltr' id='par_1_8' title="bbox 257 1867 1108 1980">
     <span class='ocr_line' id='line_1_26' title="bbox 257 1867 1108 1907; baseline -0.002 -1"><span class='ocrx_word' id='word_1_139' title='bbox 257 1869 391 1906; x_wconf 81' lang='lat' dir='ltr'>Addat</span> <span class='ocrx_word' id='word_1_140' title='bbox 421 1881 511 1906; x_wconf 89' lang='lat' dir='ltr'>cum</span> <span class='ocrx_word' id='word_1_141' title='bbox 543 1867 638 1905; x_wconf 89' lang='lat' dir='ltr'>mihi</span> <span class='ocrx_word' id='word_1_142' title='bbox 669 1868 901 1907; x_wconf 83' lang='lat' dir='ltr'>Caecubum</span> <span class='ocrx_word' id='word_1_143' title='bbox 933 1867 1108 1906; x_wconf 87' lang='lat' dir='ltr'>minister</span> 
     </span>
     <span class='ocr_line' id='line_1_27' title="bbox 260 1932 825 1980; baseline -0.002 -9"><span class='ocrx_word' id='word_1_144' title='bbox 260 1935 383 1972; x_wconf 89' lang='lat' dir='ltr'>Idaeo</span> <span class='ocrx_word' id='word_1_145' title='bbox 412 1932 618 1971; x_wconf 86' lang='lat' dir='ltr'>resolutior</span> <span class='ocrx_word' id='word_1_146' title='bbox 647 1933 825 1980; x_wconf 86' lang='lat' dir='ltr'>cinaedo,</span> 
     </span>
    </p>

    <p class='ocr_par' dir='ltr' id='par_1_9' title="bbox 259 1997 948 2048">
     <span class='ocr_line' id='line_1_28' title="bbox 259 1997 948 2048; baseline 0 -12"><span class='ocrx_word' id='word_1_147' title='bbox 259 2011 339 2048; x_wconf 81' lang='lat' dir='ltr'>quo</span> <span class='ocrx_word' id='word_1_148' title='bbox 369 2011 441 2036; x_wconf 91' lang='lat' dir='ltr'>nec</span> <span class='ocrx_word' id='word_1_149' title='bbox 471 1997 550 2036; x_wconf 84' lang='lat' dir='ltr'>filia</span> <span class='ocrx_word' id='word_1_150' title='bbox 579 1998 719 2036; x_wconf 89' lang='lat' dir='ltr'>cultior</span> <span class='ocrx_word' id='word_1_151' title='bbox 748 2012 821 2036; x_wconf 90' lang='lat' dir='ltr'>nec</span> <span class='ocrx_word' id='word_1_152' title='bbox 851 2011 948 2036; x_wconf 79' lang='lat' dir='ltr'>uxor</span> 
     </span>
    </p>

    <p class='ocr_par' dir='ltr' id='par_1_10' title="bbox 260 2062 1052 2108">
     <span class='ocr_line' id='line_1_29' title="bbox 260 2062 1052 2108; baseline 0 -8"><span class='ocrx_word' id='word_1_153' title='bbox 260 2076 332 2101; x_wconf 92' lang='lat' dir='ltr'>nec</span> <span class='ocrx_word' id='word_1_154' title='bbox 363 2071 485 2101; x_wconf 87' lang='lat' dir='ltr'>mater</span> <span class='ocrx_word' id='word_1_155' title='bbox 513 2071 580 2101; x_wconf 88' lang='lat' dir='ltr'>tua</span> <span class='ocrx_word' id='word_1_156' title='bbox 609 2077 682 2101; x_wconf 90' lang='lat' dir='ltr'>nec</span> <span class='ocrx_word' id='word_1_157' title='bbox 711 2076 819 2102; x_wconf 89' lang='lat' dir='ltr'>soror</span> <span class='ocrx_word' id='word_1_158' title='bbox 848 2062 1052 2108; x_wconf 90' lang='lat' dir='ltr'>recumbit,</span> 
     </span>
    </p>
   </div>
   <div class='ocr_carea' id='block_1_8' title="bbox 153 2162 1489 2423">
    <p class='ocr_par' dir='ltr' id='par_1_11' title="bbox 158 2162 1488 2249">
     <span class='ocr_line' id='line_1_30' title="bbox 198 2162 1488 2206; baseline -0.003 -9"><span class='ocrx_word' id='word_1_159' title='bbox 198 2166 307 2197; x_wconf 89' lang='lat' dir='ltr'>XCVI</span> <span class='ocrx_word' id='word_1_160' title='bbox 333 2177 352 2204; x_wconf 84' lang='lat'><strong>4</strong></span> <span class='ocrx_word' id='word_1_161' title='bbox 377 2172 412 2197; x_wconf 89' lang='lat' dir='ltr'>et</span> <span class='ocrx_word' id='word_1_162' title='bbox 429 2177 465 2198; x_wconf 88' lang='lat' dir='ltr'>re</span> <span class='ocrx_word' id='word_1_163' title='bbox 482 2171 549 2197; x_wconf 88' lang='lat' dir='ltr'>tam</span> <span class='ocrx_word' id='word_1_164' title='bbox 567 2166 622 2196; x_wconf 73' lang='lat' dir='ltr'>BA</span> <span class='ocrx_word' id='word_1_165' title='bbox 713 2177 729 2205; x_wconf 88' lang='lat'><strong>7</strong></span> <span class='ocrx_word' id='word_1_166' title='bbox 745 2166 810 2196; x_wconf 90' lang='lat' dir='ltr'>cibi</span> <span class='ocrx_word' id='word_1_167' title='bbox 830 2166 878 2197; x_wconf 71' lang='lat' dir='ltr'>CA</span> <span class='ocrx_word' id='word_1_168' title='bbox 966 2177 987 2206; x_wconf 93' lang='lat'>9</span> <span class='ocrx_word' id='word_1_169' title='bbox 1011 2165 1173 2196; x_wconf 83' lang='lat' dir='ltr'>macellus</span> <span class='ocrx_word' id='word_1_170' title='bbox 1188 2164 1263 2194; x_wconf 80' lang='lat' dir='ltr'>BA:</span> <span class='ocrx_word' id='word_1_171' title='bbox 1290 2162 1422 2194; x_wconf 85' lang='lat' dir='ltr'>macelli</span> <span class='ocrx_word' id='word_1_172' title='bbox 1440 2163 1488 2193; x_wconf 82' lang='lat' dir='ltr'>CA</span> 
     </span>
     <span class='ocr_line' id='line_1_31' title="bbox 158 2209 864 2249; baseline -0.003 -8"><span class='ocrx_word' id='word_1_173' title='bbox 158 2221 196 2249; x_wconf 82' lang='lat'>14</span> <span class='ocrx_word' id='word_1_174' title='bbox 221 2214 337 2249; x_wconf 79' lang='lat' dir='ltr'>posset</span> <span class='ocrx_word' id='word_1_175' title='bbox 357 2209 406 2240; x_wconf 79' lang='lat' dir='ltr'>CA</span> <span class='ocrx_word' id='word_1_176' title='bbox 492 2210 600 2241; x_wconf 87' lang='lat' dir='ltr'>amice</span> <span class='ocrx_word' id='word_1_177' title='bbox 617 2210 672 2240; x_wconf 68' lang='lat' dir='ltr'>BA</span> <span class='ocrx_word' id='word_1_178' title='bbox 690 2210 740 2248; x_wconf 87' lang='lat' dir='ltr'><em>(cs.</em></span> <span class='ocrx_word' id='word_1_179' title='bbox 761 2220 790 2241; x_wconf 84' lang='lat' dir='ltr'>v.</span> <span class='ocrx_word' id='word_1_180' title='bbox 813 2212 864 2249; x_wconf 70' lang='lat'>13)</span> 
     </span>
    </p>

    <p class='ocr_par' dir='ltr' id='par_1_12' title="bbox 153 2249 1489 2423">
     <span class='ocr_line' id='line_1_32' title="bbox 199 2249 1489 2288; baseline -0.003 -5"><span class='ocrx_word' id='word_1_181' title='bbox 199 2253 328 2284; x_wconf 79' lang='lat' dir='ltr'>XCVII</span> <span class='ocrx_word' id='word_1_182' title='bbox 354 2253 426 2284; x_wconf 80' lang='lat' dir='ltr'>lzab.</span> <span class='ocrx_word' id='word_1_183' title='bbox 450 2253 480 2283; x_wconf 93' lang='lat' dir='ltr'><em>T</em></span> <span class='ocrx_word' id='word_1_184' title='bbox 566 2264 579 2283; x_wconf 89' lang='lat'>1</span> <span class='ocrx_word' id='word_1_185' title='bbox 606 2263 723 2284; x_wconf 85' lang='lat' dir='ltr'>arsuro</span> <span class='ocrx_word' id='word_1_186' title='bbox 740 2253 800 2282; x_wconf 81' lang='grc' dir='ltr'>ΑΑ</span> <span class='ocrx_word' id='word_1_187' title='bbox 910 2264 929 2283; x_wconf 83' lang='grc'>2</span> <span class='ocrx_word' id='word_1_188' title='bbox 954 2252 1060 2283; x_wconf 83' lang='lat' dir='ltr'>casias</span> <span class='ocrx_word' id='word_1_189' title='bbox 1076 2251 1136 2281; x_wconf 78' lang='grc' dir='ltr'>ΑΑ</span> <span class='ocrx_word' id='word_1_190' title='bbox 1154 2263 1161 2282; x_wconf 79' lang='lat' dir='ltr'><strong><em>z</em></strong></span> <span class='ocrx_word' id='word_1_191' title='bbox 1186 2250 1292 2282; x_wconf 83' lang='lat' dir='ltr'>casias</span> <span class='ocrx_word' id='word_1_192' title='bbox 1310 2250 1348 2288; x_wconf 79' lang='lat' dir='ltr'>(f,</span> <span class='ocrx_word' id='word_1_193' title='bbox 1364 2249 1489 2280; x_wconf 82' lang='lat' dir='ltr'>cassias</span> 
     </span>
     <span class='ocr_line' id='line_1_33' title="bbox 153 2292 1486 2337; baseline -0.004 -10"><span class='ocrx_word' id='word_1_194' title='bbox 153 2296 201 2336; x_wconf 89' lang='lat' dir='ltr'>L)</span> <span class='ocrx_word' id='word_1_195' title='bbox 220 2297 268 2326; x_wconf 71' lang='lat' dir='ltr'>vel</span> <span class='ocrx_word' id='word_1_196' title='bbox 282 2296 407 2327; x_wconf 82' lang='lat' dir='ltr'>casiam</span> <span class='ocrx_word' id='word_1_197' title='bbox 432 2296 534 2337; x_wconf 70' lang='grc' dir='ltr'>(ΡΩ)</span> <span class='ocrx_word' id='word_1_198' title='bbox 556 2297 631 2326; x_wconf 72' lang='lat' dir='ltr'>BA:</span> <span class='ocrx_word' id='word_1_199' title='bbox 666 2297 790 2327; x_wconf 81' lang='lat' dir='ltr'>casiam</span> <span class='ocrx_word' id='word_1_200' title='bbox 817 2296 865 2327; x_wconf 76' lang='lat' dir='ltr'>CA</span> <span class='ocrx_word' id='word_1_201' title='bbox 977 2296 1101 2326; x_wconf 85' lang='lat' dir='ltr'>sseuilis</span> <span class='ocrx_word' id='word_1_202' title='bbox 1128 2299 1164 2325; x_wconf 79' lang='lat' dir='ltr'>ul</span> <span class='ocrx_word' id='word_1_203' title='bbox 1188 2295 1251 2325; x_wconf 81' lang='lat' dir='ltr'><em>vid.</em></span> <span class='ocrx_word' id='word_1_204' title='bbox 1284 2294 1334 2324; x_wconf 81' lang='lat' dir='ltr'>CA</span> <span class='ocrx_word' id='word_1_205' title='bbox 1363 2295 1421 2329; x_wconf 68' lang='lat' dir='ltr'>(sla</span> <span class='ocrx_word' id='word_1_206' title='bbox 1447 2292 1486 2330; x_wconf 80' lang='lat' dir='ltr'>E,</span> 
     </span>
     <span class='ocr_line' id='line_1_34' title="bbox 155 2336 1489 2381; baseline -0.003 -11"><span class='ocrx_word' id='word_1_207' title='bbox 155 2340 255 2370; x_wconf 86' lang='lat' dir='ltr'>sseilis</span> <span class='ocrx_word' id='word_1_208' title='bbox 271 2340 317 2379; x_wconf 78' lang='lat' dir='ltr'>A,</span> <span class='ocrx_word' id='word_1_209' title='bbox 338 2340 473 2370; x_wconf 83' lang='lat' dir='ltr'>fletibus</span> <span class='ocrx_word' id='word_1_210' title='bbox 489 2340 541 2381; x_wconf 89' lang='lat' dir='ltr'>X)</span> <span class='ocrx_word' id='word_1_211' title='bbox 646 2350 666 2379; x_wconf 87' lang='lat'><strong>3</strong></span> <span class='ocrx_word' id='word_1_212' title='bbox 691 2341 893 2379; x_wconf 86' lang='lat' dir='ltr'>pollinctore</span> <span class='ocrx_word' id='word_1_213' title='bbox 903 2340 964 2369; x_wconf 67' lang='grc' dir='ltr'>ΛΑ</span> <span class='ocrx_word' id='word_1_214' title='bbox 980 2351 986 2370; x_wconf 73' lang='grc' dir='ltr'>ε</span> <span class='ocrx_word' id='word_1_215' title='bbox 1011 2339 1194 2369; x_wconf 88' lang='lat' dir='ltr'>collectore</span> <span class='ocrx_word' id='word_1_216' title='bbox 1207 2338 1262 2368; x_wconf 67' lang='lat' dir='ltr'>BA</span> <span class='ocrx_word' id='word_1_217' title='bbox 1280 2340 1359 2378; x_wconf 73' lang='lat' dir='ltr'>(pro</span> <span class='ocrx_word' id='word_1_218' title='bbox 1377 2336 1463 2376; x_wconf 85' lang='lat' dir='ltr'>pol-)</span> <span class='ocrx_word' id='word_1_219' title='bbox 1483 2346 1489 2365; x_wconf 73' lang='grc' dir='ltr'><em>τ</em></span> 
     </span>
     <span class='ocr_line' id='line_1_35' title="bbox 155 2383 412 2423; baseline 0 -10"><span class='ocrx_word' id='word_1_220' title='bbox 155 2384 343 2423; x_wconf 80' lang='lat' dir='ltr'>pollectore</span> <span class='ocrx_word' id='word_1_221' title='bbox 364 2383 412 2413; x_wconf 75' lang='lat' dir='ltr'>CA</span> 
     </span>
    </p>
   </div>
  </div>
 </body>
</html>
