1684 2763
768 149 896 187 EPIG
906 151 976 186 ΚΛ
985 151 1025 186 Μ
1034 149 1234 187 MATON
1268 150 1319 186 LI
1330 151 1370 186 13.
1403 150 1463 187 XI

576 260 786 296 LXXXVI

138 335 275 373 Leniat
306 343 346 373 ut
377 336 508 373 fauces
539 335 728 382 medicus,
760 348 857 385 quas
887 349 1023 385 aspera
1053 343 1165 374 vexat

188 400 352 439 adsidue
382 399 512 447 tussis,
543 401 851 450 Parthenopaee,
885 399 966 446 tibi,

136 466 251 503 mella
281 465 364 509 dari
392 462 633 514 nucleosque
664 465 772 503 iubet
802 466 1017 515 dulcesque
1047 467 1246 515 placentas

190 538 225 568 ct
256 529 450 580 quidquid
482 543 623 580 pueros
653 543 733 567 non
764 529 854 568 sinit
886 544 970 568 csse
1002 538 1140 569 truces.

135 603 173 632 at
203 603 243 632 tu
273 607 353 632 non
384 608 512 633 cessas
543 595 634 633 totis
664 595 802 633 tussire
832 595 985 634 diebus.
1450 614 1466 644 5

190 662 282 698 Non
314 668 370 699 est
402 662 497 698 haec
528 660 655 706 tussis,
690 662 998 710 I‘artlienopaee‚
1031 663 1121 711 gula
1150 669 1218 700 cst.

558 755 793 791 LXXXVII

139 829 258 868 Dives
288 844 371 868 eras
402 832 627 879 quondam:
668 831 737 868 sed
767 838 861 867 tunc
890 830 1032 884 pcdicp
1068 830 1173 869 fuisti

191 904 227 933 et
258 895 326 932 tibi
358 897 463 933 nulla
492 895 559 933 diu
590 894 735 933 femina
765 903 858 933 nota
888 895 970 933 suit.

138 974 242 997 nunc
273 960 429 998 sectaris
459 973 567 998 anus.
629 961 664 999 O
695 968 887 1009 quantum
919 960 1021 1009 cogit
1052 946 1226 1010 egegtas!

191 1025 254 1062 illa
283 1026 495 1063 fututorem
526 1033 575 1071 te,
609 1025 857 1072 Charideme‚
890 1025 991 1063 facit.

550 1119 810 1155 LXXXVIII

248 1194 384 1232 Multis
415 1194 504 1241 iam,
538 1196 663 1243 Lupe,
693 1207 808 1243 posse
839 1207 879 1232 se
910 1193 1050 1232 diebus

246 1259 428 1310 pedicare
458 1266 573 1309 negat
605 1258 869 1298 Charisianus.

246 1338 402 1363 causan]
434 1338 524 1363 cum
556 1325 676 1363 modo
707 1332 937 1374 quaererent
968 1325 1135 1370 sodales,

247 1398 420 1428 ventrem
452 1389 547 1428 dixit
577 1390 721 1427 habere
751 1402 792 1427 Se
822 1391 1005 1426 solutum.

570 1489 785 1525 LXXXIX

143 1567 314 1603 Intactas
345 1578 464 1614 quare
496 1564 614 1601 mittis
647 1563 756 1611 mihi,
787 1565 907 1610 Polla,
941 1565 1136 1601 coronas?

194 1643 215 1667 a
245 1638 282 1668 te
311 1637 466 1667 vexatas
498 1631 600 1667 malo
631 1636 763 1667 tenere
793 1641 910 1666 rosas.

660 1728 734 1766 XC

143 1804 326 1844 Carmina
347 1805 453 1841 nulla
483 1803 625 1853 probas
656 1801 764 1840 molli
795 1815 896 1852 quae
926 1801 1049 1840 limite
1079 1810 1249 1848 currunt,

195 1870 264 1907 sed
295 1882 395 1918 quae
424 1881 493 1918 per
521 1868 690 1906 salebras
720 1869 876 1916 altaque
907 1880 997 1904 saxa
1026 1867 1187 1913 cadunt,

143 1943 179 1973 et
209 1934 279 1972 tibi
310 1933 498 1972 Maeonio
528 1946 688 1982 quoque
717 1932 889 1970 carmine
920 1931 1044 1969 maius
1074 1932 1250 1978 habetur,

200 1998 347 2037 ‘Lucili
377 2000 585 2037 columella
615 1997 679 2035 hic
710 1997 822 2035 situst
855 1999 1185 2047 Metrophanes'g

188 2102 367 2133 LXXXVI
392 2102 467 2132 hab.
491 2101 525 2132 T.
565 2100 646 2131 Post
658 2100 790 2130 LXXX
806 2100 840 2130 in
856 2100 911 2130 BA
1008 2109 1027 2137 3
1054 2100 1146 2130 iubes
1169 2099 1198 2129 T
1280 2111 1300 2138 4
1325 2099 1407 2130 sinis
1426 2101 1474 2131 CA

143 2148 164 2177 6
188 2147 270 2176 haec
289 2146 384 2185 (hec)
404 2145 518 2175 AABA
536 2156 543 2175 ι
567 2145 632 2174 hoc
653 2144 701 2175 CA
888 2143 1087 2174 LXXXVII
1118 2154 1129 2173 1
1158 2148 1231 2174 erat
1251 2143 1299 2173 CA
1317 2145 1408 2183 (cum
1428 2143 1473 2175 L>

145 2201 163 2220 2
188 2194 269 2220 nota
285 2188 361 2219 BA:
387 2193 464 2218 nata
483 2187 635 2227 CA‚f0rt.
654 2190 729 2217 recte
938 2186 1123 2216 LXXXIX
1153 2197 1165 2217 1
1193 2197 1298 2226 quere
1318 2188 1474 2227 <quam-el

147 2234 195 2264 CA
285 2231 365 2261 mihi
382 2231 487 2261 mittis
505 2231 535 2271 Q
553 2231 607 2271 (cf.
627 2231 675 2270 F)
797 2241 815 2260 2
840 2235 980 2260 uexatas
997 2241 1014 2261 a
1033 2235 1064 2260 te
1081 2230 1158 2260 BA:
1182 2241 1201 2260 a
1219 2236 1250 2260 te
1267 2235 1408 2260 uexatas
1427 2230 1475 2260 CA

146 2275 246 2307 mallo
266 2275 312 2305 CA
530 2274 592 2304 XC
616 2284 635 2313 3
659 2284 714 2304 res
727 2297 734 2304 .
754 2297 761 2304 .
780 2297 787 2304 .
802 2274 908 2304 maior
920 2273 974 2303 ΒΑ
993 2285 999 2303 z
1022 2274 1111 2312 quod
1127 2297 1134 2305 .
1154 2297 1161 2304 .
1182 2298 1189 2304 .
1207 2274 1312 2303 maius
1332 2273 1380 2304 CA
1398 2275 1475 2313 (pro

146 2329 246 2359 quoq.
267 2343 273 2350 .
289 2343 296 2349 .
318 2342 324 2348 .
346 2317 506 2356 maiusffi:
529 2328 607 2348 corr.
627 2316 764 2347 Laclzm.
785 2317 830 2346 ad
843 2316 940 2348 anr.
955 2322 989 2357 p.
1021 2327 1080 2347 122
1235 2328 1254 2355 4
1280 2317 1399 2346 Lucilli
1427 2316 1474 2346 CA

146 2367 234 2403 (cum
253 2361 294 2401 Q>
315 2373 322 2392 t
349 2361 495 2391 Luceilei
512 2360 693 2391 Scriverius
780 2360 853 2390 heic
864 2359 1045 2391 Scriverius
1133 2359 1230 2390 situst
1243 2360 1376 2401 scripsi:
1393 2359 1474 2389 situs

148 2407 202 2437 BA
221 2407 308 2445 (cum
325 2403 376 2445 X>
392 2414 401 2436 ε
427 2405 511 2435 situs
529 2409 580 2434 est
595 2405 645 2434 vel
658 2403 722 2434 situ
740 2408 792 2434 est
811 2403 859 2433 CA
