1684 2763
214 137 269 173 M.
300 135 423 173 VAL.
455 135 769 173 MARTIALIS
830 174 833 175 γ

317 246 462 298 largiris
492 247 589 285 nihil
617 246 861 297 incubasque
889 260 1005 297 gazae

317 319 359 350 ut
388 325 552 362 magnus
581 313 700 351 draco
729 325 847 362 quem
877 319 1023 350 canunt
1052 318 1192 361 poetae

317 378 524 416 custodem
554 376 725 427 Scythici
753 376 873 415 fuisse
900 377 989 415 luci.
1518 392 1534 423 5

317 443 387 480 sed
417 455 543 489 causa,
575 449 618 480 ut
647 455 840 480 memoras
870 449 909 480 et
937 441 1021 491 ipse
1050 441 1179 488 iactas,

316 505 423 544 dirae
452 505 553 544 filius
583 512 641 544 est
670 505 900 555 rapacitatis.

318 570 474 620 Ecquid
503 577 545 608 tu
574 571 701 608 fatuos
731 571 927 618 rudesque
955 569 1110 618 quaeris

316 635 470 674 inludas
500 635 643 685 quibus
672 636 903 684 auferasque
933 635 1136 672 mentem?

317 699 408 738 huic
437 713 592 750 semper
619 699 713 738 vitio
743 706 852 749 pater
879 698 996 737 fuisti.
1500 715 1538 738 10

211 852 328 891 Crine
357 853 482 899 ruber,
514 852 622 902 niger
651 865 726 899 ore,
760 851 886 890 brevis
915 852 1027 901 pede,
1059 850 1207 888 lumine
1236 852 1373 897 laesus,

263 931 343 956 rem
374 931 556 968 magnam
586 926 768 968 praestas,
800 916 919 963 Zoile,
952 915 983 954 si
1013 916 1141 955 bonus
1171 929 1221 954 es.

730 1000 801 1036 LV

318 1069 446 1108 Gratis
476 1069 543 1119 qui
573 1071 664 1108 dare
693 1083 762 1107 vos
792 1068 910 1115 iubet,
943 1069 1106 1118 puellae,

317 1133 597 1172 insulsissimus
627 1133 1006 1184 inprobissimusque
1036 1141 1103 1170 est.

316 1198 432 1248 gratis
461 1212 511 1237 ne
540 1200 640 1246 date,
673 1198 820 1236 basiate
849 1197 974 1248 gratis.

319 1265 411 1302 Hoc
440 1265 563 1314 Aegle
593 1271 718 1313 negat,
750 1265 827 1301 hoc
855 1276 969 1301 avara
997 1261 1132 1300 vendit

318 1330 443 1367 —sed
471 1330 640 1367 vendat:
680 1329 781 1366 bene
812 1327 961 1366 basiare
990 1334 1182 1376 quantum
1213 1333 1271 1364 est
1290 1329 1363 1373 !—,
1519 1342 1535 1372 5

318 1395 394 1432 hoc
422 1393 557 1431 vendit
587 1406 747 1442 quoque
776 1406 850 1430 nec
879 1392 954 1430 levi
988 1391 1149 1442 rapina:

318 1466 383 1496 aut
412 1458 550 1497 libram
579 1458 677 1508 petit
706 1458 770 1496 illa
799 1457 1003 1497 Cosmiani

317 1530 384 1562 aut
412 1523 528 1562 binos
558 1530 695 1574 quater
723 1537 745 1561 a
775 1536 877 1561 nova
906 1529 1076 1568 moneta,

319 1602 368 1626 ne
398 1588 474 1626 sint
504 1588 611 1627 basia
640 1596 759 1635 muta,
791 1601 840 1626 ne
871 1587 1050 1637 maligna,

318 1667 367 1691 ne
397 1654 513 1691 clusis
542 1653 693 1692 aditum
723 1661 837 1703 neget
866 1651 1026 1691 labellis.
1502 1666 1539 1688 10

320 1720 509 1757 Humane
539 1726 670 1757 tamen
700 1720 776 1757 hoc
805 1718 906 1765 facit,
939 1718 1008 1756 sed
1038 1729 1171 1761 unum,

318 1783 433 1832 gratis
463 1797 563 1832 quae
593 1785 684 1821 dare
715 1783 867 1821 basium
897 1789 1049 1821 recusat

318 1847 434 1897 gratis
462 1848 608 1898 lingere
637 1862 710 1886 nec
739 1855 891 1886 recusat
920 1848 1052 1895 Aegle.

258 1953 335 1983 LIII
363 1962 382 1991 4
408 1952 538 1991 magnis
561 1952 590 1982 T
605 1952 744 1991 (wlrpro
762 1961 814 1981 >us
832 1961 910 1982 corr.
927 1951 966 1983 -ἣ
1161 1959 1180 1987 5
1203 1949 1317 1989 stytici
1346 1949 1366 1980 s.
1394 1949 1462 1980 ludi
1490 1948 1537 1979 CA

216 2008 231 2036 7
257 2007 294 2027 es
316 1996 451 2027 ΑΑίᾺε
485 2001 535 2026 est
552 1996 607 2025 BA
696 1995 716 2024 8
740 1995 824 2025 haec
849 1994 929 2032 quid
953 1993 1073 2033 T(pro
1089 1994 1252 2033 ecquid):
1278 1992 1406 2032 etquid
1431 1992 1536 2022 BACA

215 2045 295 2080 (pro
310 2040 442 2078 ecquid)
558 2039 633 2069 LIV
658 2048 671 2068 1
698 2038 819 2078 Crine]
848 2037 952 2076 Nigre
972 2037 1019 2067 CA
1087 2036 1212 2077 brevis]
1237 2036 1330 2067 bruis
1356 2036 1404 2067 CA
1421 2040 1458 2066 ut
1471 2035 1534 2066 vid.

212 2085 326 2114 luscus
341 2083 370 2122 Q
547 2082 604 2112 LV
630 2091 643 2111 1
669 2081 725 2120 qui
743 2091 805 2111 uos
821 2082 901 2111 dare
918 2091 979 2112 uos
997 2084 1034 2110 ut
1049 2080 1111 2110 vid.
1130 2080 1178 2110 CA
1196 2080 1297 2120 (quos
1314 2081 1394 2110 dare
1411 2090 1473 2110 uos
1490 2078 1534 2119 X,

214 2127 270 2166 qui
285 2136 346 2157 uos
362 2127 442 2157 dare
458 2125 573 2165 EAVJ
656 2125 786 2165 puellas
812 2126 860 2155 CA
937 2135 957 2163 3
981 2134 1044 2154 nec
1070 2124 1118 2154 CA
1206 2134 1225 2162 4
1250 2129 1351 2162 negat
1368 2123 1447 2163 hoc]
1475 2133 1536 2153 nec

213 2171 312 2201 athuc
333 2170 442 2208 (adh.)
463 2170 511 2200 CA
701 2170 765 2207 5-6
788 2179 853 2199 om.
874 2167 929 2197 BA
949 2167 1325 2208 (propserlzomoeoarclz.
1343 2166 1443 2205 hoc):
1467 2166 1534 2197 secl.

211 2213 431 2244 Schneidewm
447 2224 454 2243 z
473 2217 549 2252 post
564 2224 592 2244 v.
610 2213 629 2242 8
646 2215 767 2252 ἵναπερ.
785 2213 817 2242 F
816 2211 1010 2242 rzkdlamdcr
1159 2212 1179 2240 8
1202 2210 1300 2241 uiuos
1319 2209 1368 2241 CA
1386 2210 1421 2250 (i.
1434 2220 1457 2240 e.
1475 2210 1537 2245 bi-)

213 2269 234 2297 9
259 2261 351 2287 muta
374 2256 450 2286 BA:
484 2257 587 2287 multa
605 2256 654 2287 CA
751 2266 793 2285 ne
811 2266 874 2285 ma.
892 2255 967 2285 BA:
992 2264 1054 2284 nec
1072 2264 1133 2285 ma.
1153 2253 1202 2284 CA
1342 2263 1381 2284 10
1404 2263 1459 2283 om
1489 2252 1537 2283 CA

216 2304 359 2342 (propter
371 2300 608 2335 lwomoeoarclz.)
699 2299 846 2330 neclusis
863 2298 927 2329 cod.
948 2299 1026 2337 (nec
1051 2297 1134 2327 lusis
1150 2296 1190 2334 L,
1212 2307 1254 2328 ne
1274 2296 1316 2328 cl.
1331 2297 1388 2336 Pf,
1402 2307 1473 2327 nec.
1493 2296 1533 2327 cl.

215 2343 259 2383 Q)
351 2348 477 2382 negent
497 2343 526 2382 Q
716 2353 751 2373 11
772 2346 847 2382 post
861 2352 899 2372 12
915 2342 970 2372 ΒΑ
1057 2340 1134 2371 facit
1159 2342 1223 2371 hoc
1242 2351 1319 2378 gom.
1340 2345 1453 2371 tamen
1473 2339 1534 2379 CA)

218 2397 255 2417 12
280 2391 414 2418 recusat
431 2387 529 2426 aegle
547 2386 634 2427 (ega)
653 2385 709 2416 BA
727 2386 779 2427 (cs.
798 2396 826 2417 υ.
850 2387 901 2424 Ῑ3Ὗ
1040 2394 1078 2423 13
1103 2394 1171 2414 non
1187 2384 1262 2414 BA:
1287 2394 1348 2415 nec
1365 2383 1415 2414 CA
