1684 2763
812 160 1280 199 EPIGRAMMATON
1315 162 1418 198 LIB.
1450 162 1486 197 V

628 273 790 310 XXVII

154 343 360 393 Ingenium
392 342 648 393 studiumque
678 342 748 381 tibi
779 356 987 392 moresque
1015 355 1219 392 genusque

206 417 296 446 sunt
326 408 479 459 equitis,
513 410 662 446 fateor:
701 416 830 447 cetera
860 407 986 458 plebis
1017 407 1150 445 habes.

153 474 211 512 bis
242 481 404 524 septena
433 473 504 511 tibi
534 487 614 512 non
645 473 722 511 sint
752 472 937 512 subsellia
966 472 1073 520 tanti,

206 547 246 577 ut
277 540 414 578 sedeas
444 539 528 577 viso
558 539 727 589 pallidus
758 540 932 578 Oceano.

619 622 806 659 XXVIII

153 695 205 730 Vt
235 694 337 731 bene
367 695 550 742 loquatur
579 692 801 742 sentiatque
833 693 1069 739 Mamercus,

152 758 304 796 efficere
334 757 461 804 nullis,
494 759 607 804 Aule,
640 757 815 795 moribus
846 756 999 806 possis:

153 823 297 872 pietate
326 824 460 861 fratres
492 822 658 861 Curvios
688 822 779 861 licet
808 822 952 869 vincas,

153 888 284 937 quiete
316 890 475 934 Nervas,
509 887 695 926 comitate
726 889 921 934 Rusones,

153 953 346 1002 probitate
378 955 547 999 Macros,
578 952 776 1002 aequitate
808 952 1018 999 Mauricos,
1471 969 1487 998 5

153 1018 330 1057 oratione
360 1020 546 1068 Regulos,
579 1017 675 1056 iocis
707 1019 874 1056 Paulos:

153 1083 385 1133 robiginosis
415 1091 558 1122 cuncta
588 1083 773 1122 dentibus
804 1083 917 1121 rodit.

156 1149 374 1188 Hominem
406 1149 621 1198 malignum
651 1150 782 1187 forsan
812 1162 897 1186 esse
927 1155 968 1186 tu
999 1148 1162 1186 credas:

154 1228 226 1264 ego
257 1228 342 1253 esse
372 1214 559 1252 miserum
590 1215 721 1261 credo,
753 1213 816 1252 cui
847 1215 975 1264 placet
1005 1226 1134 1251 nemo.

637 1298 777 1334 XXIX

154 1368 191 1404 si
223 1369 383 1418 quando
414 1370 587 1418 leporem
619 1367 738 1405 mittis
769 1366 876 1414 mihi,
910 1366 1047 1413 Gellia,
1079 1365 1201 1404 dicis:

212 1435 477 1470 ‘Formonsus
507 1440 670 1481 septem,
705 1433 850 1478 Marce,
882 1431 1024 1469 diebus
1054 1430 1151 1468 eris.'

156 1498 192 1535 si
225 1512 305 1536 non
335 1498 502 1544 derides,
534 1497 564 1535 si
594 1511 740 1543 verum,
772 1498 837 1534 lux
867 1510 965 1543 mea,
998 1508 1140 1542 narras,

208 1563 322 1601 edisti
353 1576 582 1612 numquam,
616 1562 752 1609 Gellia,
785 1570 826 1599 tu
856 1563 1041 1611 leporem.

656 1646 772 1681 XXX

156 1718 289 1763 Varro,
323 1717 547 1766 Sophocleo
577 1729 657 1753 non
687 1714 892 1752 infitiande
921 1715 1116 1752 cothurno

210 1795 282 1820 nec
313 1781 441 1819 minus
472 1781 511 1818 in
543 1781 710 1820 Calabra
740 1779 990 1830 suspiciende
1020 1781 1109 1828 lyra,

157 1846 268 1884 differ
297 1859 397 1895 opus
428 1860 501 1884 nec
531 1854 568 1883 te
598 1844 758 1883 facundi
789 1857 932 1882 scaena
962 1843 1108 1883 Catulli

211 1911 384 1949 detineat
414 1910 528 1949 cultis
557 1919 624 1948 aut
654 1910 777 1960 elegia
806 1909 954 1957 comis,

158 1977 226 2014 sed
256 1978 341 2025 Iege
371 1977 526 2014 fumoso
557 1989 637 2013 non
666 1976 915 2025 aspernanda
946 1973 1159 2012 Decembri

211 2041 394 2088 carmina,
427 2041 633 2078 mittuntur
661 2053 763 2090 quae
792 2040 863 2078 tibi
893 2052 1029 2078 mense
1058 2052 1154 2077 suo:

202 2157 334 2187 XXVII
362 2167 410 2187 vv.
434 2166 492 2186 1-2
516 2156 588 2186 lzab.
615 2155 674 2186 ΤΕ
830 2167 848 2186 2
873 2156 990 2186 fateor.
1006 2154 1080 2185 Cet.
1099 2154 1142 2193 pl.
1165 2154 1219 2185 h.2
1240 2154 1491 2193 (1'11lcrrogatz‘zwi

158 2200 385 2231 Fm'cdlaender
488 2200 609 2238 phebis
628 2199 760 2238 ‹phoe-)
782 2198 829 2229 CA
962 2209 981 2237 3
1006 2199 1072 2228 sint
1088 2198 1162 2230 BA:
1187 2202 1267 2228 sunt
1287 2198 1334 2228 CA

203 2244 355 2274 XXVIII
381 2244 454 2274 hab.
477 2243 507 2274 T
628 2253 640 2273 1
668 2243 786 2282 loquar
804 2242 851 2273 CA
872 2242 942 2283 (scd
956 2242 1111 2281 loquatur
1127 2241 1176 2281 A)
1305 2250 1324 2279 3
1349 2240 1491 2270 Curvios

160 2320 399 2352 Friedlaender:
426 2321 538 2350 curios
555 2320 641 2350 codd.
713 2320 826 2349 uincat
846 2319 894 2349 CA
993 2331 1012 2358 4
1037 2290 1145 2358 quies
1162 2322 1197 2348 nt
1212 2317 1275 2348 vid.
1294 2318 1347 2347 BA
1370 2316 1493 2355 ‘quiete

161 2370 193 2393 et
207 2364 246 2403 P,
261 2364 317 2402 qui
336 2369 369 2393 et
387 2363 460 2402 LQ,
474 2365 529 2403 qui
543 2369 596 2394 ete
609 2365 651 2404 f)
715 2374 857 2393 rusones
874 2362 1006 2394 AACA:
1032 2364 1199 2392 drusones
1213 2362 1266 2391 BA
1359 2371 1374 2398 7
1402 2360 1493 2390 rodis

162 2408 209 2435 (“Α
310 2408 330 2436 8
355 2407 494 2437 forsitan
518 2407 547 2438 T
859 2406 980 2436 XXIX
1005 2406 1077 2436 lzab.
1104 2405 1163 2435 TR
1278 2415 1289 2434 1
1318 2404 1417 2443 gaIlia
1436 2403 1492 2431 ΑΛ

1081 2457 1132 2473 SUO

207 2483 308 2514 XXX
334 2494 353 2514 2
378 2483 596 2523 suscipiende
609 2483 663 2513 BA
754 2483 859 2522 lyram
879 2482 926 2513 CA
1016 2484 1038 2512 6
1062 2492 1153 2512 nouo
1171 2481 1223 2511 BA
