<?xml version="1.0" encoding="UTF-8"?>
<!DOCTYPE html PUBLIC "-//W3C//DTD XHTML 1.0 Transitional//EN"
    "http://www.w3.org/TR/xhtml1/DTD/xhtml1-transitional.dtd">
<html xmlns="http://www.w3.org/1999/xhtml" xml:lang="en" lang="en">
 <head>
  <title>
</title>
<meta http-equiv="Content-Type" content="text/html;charset=utf-8" />
  <meta name='ocr-system' content='tesseract 3.04.00' />
  <meta name='ocr-capabilities' content='ocr_page ocr_carea ocr_par ocr_line ocrx_word'/>
</head>
<body>
  <div class='ocr_page' id='page_1' title='image "./epigrammatarecog00martuoft/epigrammatarecog00martuoft_0331.png"; bbox 0 0 1684 2763; ppageno 0'>
   <div class='ocr_carea' id='block_1_1' title="bbox 756 130 1427 170">
    <p class='ocr_par' dir='ltr' id='par_1_1' title="bbox 756 130 1427 170">
     <span class='ocr_line' id='line_1_1' title="bbox 756 130 1427 170; baseline 0.001 -3"><span class='ocrx_word' id='word_1_1' title='bbox 756 130 1014 168; x_wconf 84' lang='lat' dir='ltr'>EPIGRAM</span> <span class='ocrx_word' id='word_1_2' title='bbox 1023 131 1224 170; x_wconf 85' lang='lat' dir='ltr'><strong>MATON</strong></span> <span class='ocrx_word' id='word_1_3' title='bbox 1257 132 1359 169; x_wconf 84' lang='lat' dir='ltr'>LIB.</span> <span class='ocrx_word' id='word_1_4' title='bbox 1392 132 1427 168; x_wconf 87' lang='lat' dir='ltr'>X</span> 
     </span>
    </p>
   </div>
   <div class='ocr_carea' id='block_1_2' title="bbox 99 241 1108 357">
    <p class='ocr_par' dir='ltr' id='par_1_2' title="bbox 99 241 1108 357">
     <span class='ocr_line' id='line_1_2' title="bbox 99 241 1108 290; baseline 0.003 -11"><span class='ocrx_word' id='word_1_5' title='bbox 99 241 138 280; x_wconf 90' lang='lat' dir='ltr'>Si</span> <span class='ocrx_word' id='word_1_6' title='bbox 168 248 247 280; x_wconf 87' lang='lat' dir='ltr'>tam</span> <span class='ocrx_word' id='word_1_7' title='bbox 277 241 450 281; x_wconf 90' lang='lat' dir='ltr'>sidereos</span> <span class='ocrx_word' id='word_1_8' title='bbox 481 250 614 281; x_wconf 86' lang='lat' dir='ltr'>manet</span> <span class='ocrx_word' id='word_1_9' title='bbox 643 241 767 281; x_wconf 81' lang='lat' dir='ltr'>exitus</span> <span class='ocrx_word' id='word_1_10' title='bbox 797 241 868 280; x_wconf 87' lang='lat' dir='ltr'>iste</span> <span class='ocrx_word' id='word_1_11' title='bbox 899 242 1108 290; x_wconf 77' lang='lat' dir='ltr'>ministros,</span> 
     </span>
     <span class='ocr_line' id='line_1_3' title="bbox 154 306 997 357; baseline 0.001 -12"><span class='ocrx_word' id='word_1_12' title='bbox 154 306 331 357; x_wconf 87' lang='lat' dir='ltr'>Iuppiter</span> <span class='ocrx_word' id='word_1_13' title='bbox 360 314 490 346; x_wconf 89' lang='lat' dir='ltr'>utatur</span> <span class='ocrx_word' id='word_1_14' title='bbox 518 307 594 346; x_wconf 88' lang='lat' dir='ltr'>iam</span> <span class='ocrx_word' id='word_1_15' title='bbox 626 309 859 357; x_wconf 78' lang='lat' dir='ltr'><strong>Ganymede</strong></span> <span class='ocrx_word' id='word_1_16' title='bbox 888 320 997 346; x_wconf 88' lang='lat' dir='ltr'>coco.</span> 
     </span>
    </p>
   </div>
   <div class='ocr_carea' id='block_1_3' title="bbox 574 408 731 445">
    <p class='ocr_par' dir='ltr' id='par_1_3' title="bbox 574 408 731 445">
     <span class='ocr_line' id='line_1_4' title="bbox 574 408 731 445; baseline 0.006 -1"><span class='ocrx_word' id='word_1_17' title='bbox 574 408 731 445; x_wconf 90' lang='lat' dir='ltr'>LXVII</span> 
     </span>
    </p>
   </div>
   <div class='ocr_carea' id='block_1_4' title="bbox 208 476 1432 905">
    <p class='ocr_par' dir='ltr' id='par_1_4' title="bbox 208 476 913 526">
     <span class='ocr_line' id='line_1_5' title="bbox 208 476 913 526; baseline 0.001 -12"><span class='ocrx_word' id='word_1_18' title='bbox 208 477 377 526; x_wconf 82' lang='lat' dir='ltr'>Pyrrhae</span> <span class='ocrx_word' id='word_1_19' title='bbox 406 476 494 524; x_wconf 90' lang='lat' dir='ltr'>filia,</span> <span class='ocrx_word' id='word_1_20' title='bbox 527 476 705 516; x_wconf 79' lang='lat' dir='ltr'>Nestoris</span> <span class='ocrx_word' id='word_1_21' title='bbox 735 490 913 523; x_wconf 82' lang='lat' dir='ltr'>noverca,</span> 
     </span>
    </p>

    <p class='ocr_par' dir='ltr' id='par_1_5' title="bbox 208 541 954 592">
     <span class='ocr_line' id='line_1_6' title="bbox 208 541 954 592; baseline 0.001 -13"><span class='ocrx_word' id='word_1_22' title='bbox 208 554 327 591; x_wconf 86' lang='lat' dir='ltr'>quam</span> <span class='ocrx_word' id='word_1_23' title='bbox 357 541 453 579; x_wconf 88' lang='lat' dir='ltr'>vidit</span> <span class='ocrx_word' id='word_1_24' title='bbox 483 541 615 580; x_wconf 80' lang='lat' dir='ltr'>Niobe</span> <span class='ocrx_word' id='word_1_25' title='bbox 644 543 774 592; x_wconf 77' lang='lat' dir='ltr'>puella</span> <span class='ocrx_word' id='word_1_26' title='bbox 803 555 954 588; x_wconf 83' lang='lat' dir='ltr'>canam,</span> 
     </span>
    </p>

    <p class='ocr_par' dir='ltr' id='par_1_6' title="bbox 209 606 864 654">
     <span class='ocr_line' id='line_1_7' title="bbox 209 606 864 654; baseline 0.002 -10"><span class='ocrx_word' id='word_1_27' title='bbox 209 607 368 645; x_wconf 77' lang='lat' dir='ltr'>Laertes</span> <span class='ocrx_word' id='word_1_28' title='bbox 397 606 524 644; x_wconf 79' lang='lat' dir='ltr'>aviam</span> <span class='ocrx_word' id='word_1_29' title='bbox 554 619 673 645; x_wconf 82' lang='lat' dir='ltr'>senex</span> <span class='ocrx_word' id='word_1_30' title='bbox 701 607 864 654; x_wconf 85' lang='lat' dir='ltr'>vocavit,</span> 
     </span>
    </p>

    <p class='ocr_par' dir='ltr' id='par_1_7' title="bbox 209 670 1040 721">
     <span class='ocr_line' id='line_1_8' title="bbox 209 670 1040 721; baseline 0.001 -13"><span class='ocrx_word' id='word_1_31' title='bbox 209 670 400 709; x_wconf 87' lang='lat' dir='ltr'>nutricem</span> <span class='ocrx_word' id='word_1_32' title='bbox 432 670 619 718; x_wconf 78' lang='lat' dir='ltr'>Priamus,</span> <span class='ocrx_word' id='word_1_33' title='bbox 651 685 807 710; x_wconf 92' lang='lat' dir='ltr'>socrum</span> <span class='ocrx_word' id='word_1_34' title='bbox 837 673 1040 721; x_wconf 81' lang='lat' dir='ltr'>Thyestes,</span> 
     </span>
    </p>

    <p class='ocr_par' dir='ltr' id='par_1_8' title="bbox 210 735 1432 852">
     <span class='ocr_line' id='line_1_9' title="bbox 210 735 1432 787; baseline 0.002 -14"><span class='ocrx_word' id='word_1_35' title='bbox 210 735 287 774; x_wconf 85' lang='lat' dir='ltr'>iam</span> <span class='ocrx_word' id='word_1_36' title='bbox 317 735 540 774; x_wconf 79' lang='lat' dir='ltr'>cornicibus</span> <span class='ocrx_word' id='word_1_37' title='bbox 569 736 754 775; x_wconf 88' lang='lat' dir='ltr'>omnibus</span> <span class='ocrx_word' id='word_1_38' title='bbox 784 744 991 787; x_wconf 84' lang='lat' dir='ltr'>supersteS‚</span> <span class='ocrx_word' id='word_1_39' title='bbox 1416 753 1432 783; x_wconf 89' lang='lat'>5</span> 
     </span>
     <span class='ocr_line' id='line_1_10' title="bbox 210 801 1034 852; baseline 0.001 -13"><span class='ocrx_word' id='word_1_40' title='bbox 210 802 286 839; x_wconf 89' lang='lat' dir='ltr'>hoc</span> <span class='ocrx_word' id='word_1_41' title='bbox 316 802 476 839; x_wconf 82' lang='lat' dir='ltr'>tandem</span> <span class='ocrx_word' id='word_1_42' title='bbox 506 801 579 840; x_wconf 88' lang='lat' dir='ltr'>sita</span> <span class='ocrx_word' id='word_1_43' title='bbox 607 801 728 852; x_wconf 86' lang='lat' dir='ltr'>prurit</span> <span class='ocrx_word' id='word_1_44' title='bbox 757 801 795 839; x_wconf 90' lang='lat' dir='ltr'>in</span> <span class='ocrx_word' id='word_1_45' title='bbox 825 803 1034 852; x_wconf 85' lang='lat' dir='ltr'>sepulchro</span> 
     </span>
    </p>

    <p class='ocr_par' dir='ltr' id='par_1_9' title="bbox 211 866 913 905">
     <span class='ocr_line' id='line_1_11' title="bbox 211 866 913 905; baseline 0.001 -2"><span class='ocrx_word' id='word_1_46' title='bbox 211 867 322 904; x_wconf 79' lang='lat' dir='ltr'>calvo</span> <span class='ocrx_word' id='word_1_47' title='bbox 352 866 479 905; x_wconf 86' lang='lat' dir='ltr'>Plotia</span> <span class='ocrx_word' id='word_1_48' title='bbox 507 880 598 905; x_wconf 89' lang='lat' dir='ltr'>cum</span> <span class='ocrx_word' id='word_1_49' title='bbox 629 867 913 905; x_wconf 74' lang='lat' dir='ltr'>Melanthione.</span> 
     </span>
    </p>
   </div>
   <div class='ocr_carea' id='block_1_5' title="bbox 571 968 752 1004">
    <p class='ocr_par' dir='ltr' id='par_1_10' title="bbox 571 968 752 1004">
     <span class='ocr_line' id='line_1_12' title="bbox 571 968 752 1004; baseline 0 0"><span class='ocrx_word' id='word_1_50' title='bbox 571 968 752 1004; x_wconf 84' lang='lat' dir='ltr'>LXVIII</span> 
     </span>
    </p>
   </div>
   <div class='ocr_carea' id='block_1_6' title="bbox 106 1035 1441 1793">
    <p class='ocr_par' dir='ltr' id='par_1_11' title="bbox 106 1035 1441 1793">
     <span class='ocr_line' id='line_1_13' title="bbox 106 1035 1338 1087; baseline -0.002 -11"><span class='ocrx_word' id='word_1_51' title='bbox 106 1037 209 1076; x_wconf 88' lang='lat' dir='ltr'>Cum</span> <span class='ocrx_word' id='word_1_52' title='bbox 240 1035 310 1075; x_wconf 86' lang='lat' dir='ltr'>tibi</span> <span class='ocrx_word' id='word_1_53' title='bbox 339 1049 420 1075; x_wconf 88' lang='lat' dir='ltr'>non</span> <span class='ocrx_word' id='word_1_54' title='bbox 451 1037 631 1086; x_wconf 84' lang='lat' dir='ltr'>Ephesos</span> <span class='ocrx_word' id='word_1_55' title='bbox 661 1050 734 1076; x_wconf 91' lang='lat' dir='ltr'>nec</span> <span class='ocrx_word' id='word_1_56' title='bbox 764 1037 812 1075; x_wconf 86' lang='lat' dir='ltr'>sit</span> <span class='ocrx_word' id='word_1_57' title='bbox 843 1038 1010 1075; x_wconf 85' lang='lat' dir='ltr'>Rhodos</span> <span class='ocrx_word' id='word_1_58' title='bbox 1039 1044 1107 1075; x_wconf 84' lang='lat' dir='ltr'>aut</span> <span class='ocrx_word' id='word_1_59' title='bbox 1137 1036 1338 1087; x_wconf 83' lang='lat' dir='ltr'>Mitylene,</span> 
     </span>
     <span class='ocr_line' id='line_1_14' title="bbox 159 1101 984 1152; baseline 0.001 -13"><span class='ocrx_word' id='word_1_60' title='bbox 159 1102 230 1139; x_wconf 89' lang='lat' dir='ltr'>sed</span> <span class='ocrx_word' id='word_1_61' title='bbox 259 1102 402 1140; x_wconf 87' lang='lat' dir='ltr'>domus</span> <span class='ocrx_word' id='word_1_62' title='bbox 432 1101 472 1139; x_wconf 88' lang='lat' dir='ltr'>in</span> <span class='ocrx_word' id='word_1_63' title='bbox 502 1101 600 1149; x_wconf 89' lang='lat' dir='ltr'>vico,</span> <span class='ocrx_word' id='word_1_64' title='bbox 634 1101 778 1148; x_wconf 85' lang='lat' dir='ltr'>Laelia,</span> <span class='ocrx_word' id='word_1_65' title='bbox 810 1101 984 1152; x_wconf 87' lang='lat' dir='ltr'>patricio,</span> 
     </span>
     <span class='ocr_line' id='line_1_15' title="bbox 106 1165 1164 1216; baseline 0 -13"><span class='ocrx_word' id='word_1_66' title='bbox 106 1167 236 1215; x_wconf 86' lang='lat' dir='ltr'>deque</span> <span class='ocrx_word' id='word_1_67' title='bbox 265 1165 446 1204; x_wconf 86' lang='lat' dir='ltr'>coloratis</span> <span class='ocrx_word' id='word_1_68' title='bbox 477 1179 695 1216; x_wconf 79' lang='lat' dir='ltr'>numquam</span> <span class='ocrx_word' id='word_1_69' title='bbox 729 1166 797 1204; x_wconf 86' lang='lat' dir='ltr'>lita</span> <span class='ocrx_word' id='word_1_70' title='bbox 826 1174 949 1204; x_wconf 87' lang='lat' dir='ltr'>mater</span> <span class='ocrx_word' id='word_1_71' title='bbox 979 1165 1164 1212; x_wconf 83' lang='lat' dir='ltr'>Etruscis,</span> 
     </span>
     <span class='ocr_line' id='line_1_16' title="bbox 160 1230 900 1281; baseline 0.001 -13"><span class='ocrx_word' id='word_1_72' title='bbox 160 1232 280 1269; x_wconf 88' lang='lat' dir='ltr'>durus</span> <span class='ocrx_word' id='word_1_73' title='bbox 311 1230 470 1269; x_wconf 88' lang='lat' dir='ltr'>Aricina</span> <span class='ocrx_word' id='word_1_74' title='bbox 498 1232 549 1269; x_wconf 91' lang='lat' dir='ltr'>de</span> <span class='ocrx_word' id='word_1_75' title='bbox 578 1230 736 1281; x_wconf 82' lang='lat' dir='ltr'>regione</span> <span class='ocrx_word' id='word_1_76' title='bbox 765 1238 874 1281; x_wconf 86' lang='lat' dir='ltr'>pater</span> <span class='ocrx_word' id='word_1_77' title='bbox 890 1245 900 1279; x_wconf 79' lang='lat'><em>3</em></span> 
     </span>
     <span class='ocr_line' id='line_1_17' title="bbox 108 1295 1436 1348; baseline 0.001 -15"><span class='ocrx_word' id='word_1_78' title='bbox 108 1297 207 1346; x_wconf 83' lang='grc' dir='ltr'>κύριέ</span> <span class='ocrx_word' id='word_1_79' title='bbox 231 1314 315 1346; x_wconf 84' lang='grc' dir='ltr'><em>μου,</em></span> <span class='ocrx_word' id='word_1_80' title='bbox 344 1297 432 1346; x_wconf 85' lang='grc' dir='ltr'>μέλι</span> <span class='ocrx_word' id='word_1_81' title='bbox 460 1314 543 1346; x_wconf 87' lang='grc' dir='ltr'><em>μου,</em></span> <span class='ocrx_word' id='word_1_82' title='bbox 573 1297 674 1348; x_wconf 78' lang='grc' dir='ltr'>ψυχή</span> <span class='ocrx_word' id='word_1_83' title='bbox 701 1314 774 1346; x_wconf 84' lang='grc' dir='ltr'>μου</span> <span class='ocrx_word' id='word_1_84' title='bbox 802 1295 980 1346; x_wconf 82' lang='lat' dir='ltr'>congeris</span> <span class='ocrx_word' id='word_1_85' title='bbox 1010 1309 1145 1346; x_wconf 82' lang='lat' dir='ltr'>usque,</span> <span class='ocrx_word' id='word_1_86' title='bbox 1421 1312 1436 1342; x_wconf 86' lang='lat'>5</span> 
     </span>
     <span class='ocr_line' id='line_1_18' title="bbox 160 1358 1042 1408; baseline 0 -12"><span class='ocrx_word' id='word_1_87' title='bbox 160 1371 231 1408; x_wconf 90' lang='lat' dir='ltr'>pro</span> <span class='ocrx_word' id='word_1_88' title='bbox 261 1359 411 1408; x_wconf 78' lang='lat' dir='ltr'>pudor!</span> <span class='ocrx_word' id='word_1_89' title='bbox 452 1358 647 1397; x_wconf 85' lang='lat' dir='ltr'>Hersiliae</span> <span class='ocrx_word' id='word_1_90' title='bbox 676 1358 769 1396; x_wconf 88' lang='lat' dir='ltr'>civis</span> <span class='ocrx_word' id='word_1_91' title='bbox 799 1365 837 1396; x_wconf 93' lang='lat' dir='ltr'>et</span> <span class='ocrx_word' id='word_1_92' title='bbox 868 1358 1042 1408; x_wconf 80' lang='lat' dir='ltr'>Egeriae.</span> 
     </span>
     <span class='ocr_line' id='line_1_19' title="bbox 109 1421 1166 1470; baseline 0 -10"><span class='ocrx_word' id='word_1_93' title='bbox 109 1424 276 1462; x_wconf 82' lang='lat' dir='ltr'>lectulus</span> <span class='ocrx_word' id='word_1_94' title='bbox 305 1424 375 1461; x_wconf 90' lang='lat' dir='ltr'>has</span> <span class='ocrx_word' id='word_1_95' title='bbox 405 1436 532 1470; x_wconf 89' lang='lat' dir='ltr'>voces,</span> <span class='ocrx_word' id='word_1_96' title='bbox 565 1436 639 1461; x_wconf 91' lang='lat' dir='ltr'>nec</span> <span class='ocrx_word' id='word_1_97' title='bbox 668 1424 834 1461; x_wconf 84' lang='lat' dir='ltr'>lectulus</span> <span class='ocrx_word' id='word_1_98' title='bbox 863 1422 998 1461; x_wconf 85' lang='lat' dir='ltr'>audiat</span> <span class='ocrx_word' id='word_1_99' title='bbox 1027 1421 1166 1469; x_wconf 82' lang='lat' dir='ltr'>omnis,</span> 
     </span>
     <span class='ocr_line' id='line_1_20' title="bbox 163 1487 995 1538; baseline -0.002 -11"><span class='ocrx_word' id='word_1_100' title='bbox 163 1489 233 1527; x_wconf 91' lang='lat' dir='ltr'>sed</span> <span class='ocrx_word' id='word_1_101' title='bbox 263 1501 380 1538; x_wconf 86' lang='lat' dir='ltr'>quem</span> <span class='ocrx_word' id='word_1_102' title='bbox 411 1488 556 1526; x_wconf 88' lang='lat' dir='ltr'>lascivo</span> <span class='ocrx_word' id='word_1_103' title='bbox 586 1487 719 1526; x_wconf 83' lang='lat' dir='ltr'>stravit</span> <span class='ocrx_word' id='word_1_104' title='bbox 747 1487 874 1525; x_wconf 85' lang='lat' dir='ltr'>amica</span> <span class='ocrx_word' id='word_1_105' title='bbox 902 1487 995 1525; x_wconf 86' lang='lat' dir='ltr'>viro.</span> 
     </span>
     <span class='ocr_line' id='line_1_21' title="bbox 109 1551 1179 1602; baseline -0.001 -11"><span class='ocrx_word' id='word_1_106' title='bbox 109 1552 207 1591; x_wconf 87' lang='lat' dir='ltr'>scire</span> <span class='ocrx_word' id='word_1_107' title='bbox 237 1552 346 1602; x_wconf 84' lang='lat' dir='ltr'>cupis</span> <span class='ocrx_word' id='word_1_108' title='bbox 377 1565 456 1602; x_wconf 85' lang='lat' dir='ltr'>quo</span> <span class='ocrx_word' id='word_1_109' title='bbox 486 1559 593 1590; x_wconf 86' lang='lat' dir='ltr'>casta</span> <span class='ocrx_word' id='word_1_110' title='bbox 622 1553 743 1591; x_wconf 89' lang='lat' dir='ltr'>modo</span> <span class='ocrx_word' id='word_1_111' title='bbox 773 1560 951 1591; x_wconf 86' lang='lat' dir='ltr'>matrona</span> <span class='ocrx_word' id='word_1_112' title='bbox 980 1551 1179 1602; x_wconf 85' lang='lat' dir='ltr'>loquaris?</span> 
     </span>
     <span class='ocr_line' id='line_1_22' title="bbox 164 1616 1441 1667; baseline -0.002 -12"><span class='ocrx_word' id='word_1_113' title='bbox 164 1616 369 1667; x_wconf 83' lang='lat' dir='ltr'>numquid,</span> <span class='ocrx_word' id='word_1_114' title='bbox 402 1631 492 1655; x_wconf 91' lang='lat' dir='ltr'>cum</span> <span class='ocrx_word' id='word_1_115' title='bbox 523 1616 651 1665; x_wconf 70' lang='lat' dir='ltr'>misas,</span> <span class='ocrx_word' id='word_1_116' title='bbox 684 1617 865 1656; x_wconf 87' lang='lat' dir='ltr'>blandior</span> <span class='ocrx_word' id='word_1_117' title='bbox 893 1630 978 1655; x_wconf 90' lang='lat' dir='ltr'>esse</span> <span class='ocrx_word' id='word_1_118' title='bbox 1007 1619 1150 1667; x_wconf 87' lang='lat' dir='ltr'>potes?</span> <span class='ocrx_word' id='word_1_119' title='bbox 1405 1632 1441 1653; x_wconf 92' lang='lat'>10</span> 
     </span>
     <span class='ocr_line' id='line_1_23' title="bbox 111 1681 1120 1731; baseline -0.001 -11"><span class='ocrx_word' id='word_1_120' title='bbox 111 1690 152 1720; x_wconf 88' lang='lat' dir='ltr'>tu</span> <span class='ocrx_word' id='word_1_121' title='bbox 182 1681 272 1720; x_wconf 91' lang='lat' dir='ltr'>licet</span> <span class='ocrx_word' id='word_1_122' title='bbox 302 1681 453 1720; x_wconf 85' lang='lat' dir='ltr'>ediscas</span> <span class='ocrx_word' id='word_1_123' title='bbox 483 1689 605 1720; x_wconf 84' lang='lat' dir='ltr'>totam</span> <span class='ocrx_word' id='word_1_124' title='bbox 636 1683 857 1731; x_wconf 81' lang='lat' dir='ltr'>referasque</span> <span class='ocrx_word' id='word_1_125' title='bbox 888 1681 1120 1728; x_wconf 87' lang='lat' dir='ltr'>Corinthon,</span> 
     </span>
     <span class='ocr_line' id='line_1_24' title="bbox 165 1746 1024 1793; baseline 0.001 -9"><span class='ocrx_word' id='word_1_126' title='bbox 165 1759 245 1784; x_wconf 90' lang='lat' dir='ltr'>non</span> <span class='ocrx_word' id='word_1_127' title='bbox 275 1754 408 1784; x_wconf 89' lang='lat' dir='ltr'>tamen</span> <span class='ocrx_word' id='word_1_128' title='bbox 437 1746 612 1793; x_wconf 88' lang='lat' dir='ltr'>omnino,</span> <span class='ocrx_word' id='word_1_129' title='bbox 645 1746 788 1793; x_wconf 85' lang='lat' dir='ltr'>Laelia,</span> <span class='ocrx_word' id='word_1_130' title='bbox 822 1746 911 1785; x_wconf 90' lang='lat' dir='ltr'>Lais</span> <span class='ocrx_word' id='word_1_131' title='bbox 941 1746 1024 1785; x_wconf 89' lang='lat' dir='ltr'>eris.</span> 
     </span>
    </p>
   </div>
   <div class='ocr_carea' id='block_1_7' title="bbox 597 1845 733 1882">
    <p class='ocr_par' dir='ltr' id='par_1_12' title="bbox 597 1845 733 1882">
     <span class='ocr_line' id='line_1_25' title="bbox 597 1845 733 1882; baseline 0 0"><span class='ocrx_word' id='word_1_132' title='bbox 597 1845 733 1882; x_wconf 91' lang='lat' dir='ltr'><strong>LXIX</strong></span> 
     </span>
    </p>
   </div>
   <div class='ocr_carea' id='block_1_8' title="bbox 115 1915 1112 2029">
    <p class='ocr_par' dir='ltr' id='par_1_13' title="bbox 115 1915 1112 2029">
     <span class='ocr_line' id='line_1_26' title="bbox 115 1915 1112 1966; baseline -0.002 -11"><span class='ocrx_word' id='word_1_133' title='bbox 115 1917 312 1956; x_wconf 85' lang='lat' dir='ltr'>Custodes</span> <span class='ocrx_word' id='word_1_134' title='bbox 341 1917 422 1963; x_wconf 82' lang='lat' dir='ltr'>das,</span> <span class='ocrx_word' id='word_1_135' title='bbox 455 1917 575 1964; x_wconf 86' lang='lat' dir='ltr'>Polla,</span> <span class='ocrx_word' id='word_1_136' title='bbox 608 1915 701 1964; x_wconf 89' lang='lat' dir='ltr'>viro,</span> <span class='ocrx_word' id='word_1_137' title='bbox 733 1929 814 1954; x_wconf 90' lang='lat' dir='ltr'>non</span> <span class='ocrx_word' id='word_1_138' title='bbox 843 1915 989 1966; x_wconf 84' lang='lat' dir='ltr'>accipis</span> <span class='ocrx_word' id='word_1_139' title='bbox 1019 1915 1112 1966; x_wconf 83' lang='lat' dir='ltr'>ipsa.</span> 
     </span>
     <span class='ocr_line' id='line_1_27' title="bbox 168 1980 1026 2029; baseline 0 -10"><span class='ocrx_word' id='word_1_140' title='bbox 168 1983 244 2020; x_wconf 90' lang='lat' dir='ltr'>hoc</span> <span class='ocrx_word' id='word_1_141' title='bbox 273 1988 331 2020; x_wconf 87' lang='lat' dir='ltr'>est</span> <span class='ocrx_word' id='word_1_142' title='bbox 360 1995 520 2020; x_wconf 84' lang='lat' dir='ltr'>uxorem</span> <span class='ocrx_word' id='word_1_143' title='bbox 551 1982 705 2029; x_wconf 86' lang='lat' dir='ltr'>ducere,</span> <span class='ocrx_word' id='word_1_144' title='bbox 738 1982 858 2029; x_wconf 87' lang='lat' dir='ltr'>Polla,</span> <span class='ocrx_word' id='word_1_145' title='bbox 890 1980 1026 2019; x_wconf 89' lang='lat' dir='ltr'>virum.</span> 
     </span>
    </p>
   </div>
   <div class='ocr_carea' id='block_1_9' title="bbox 616 2081 728 2117">
    <p class='ocr_par' dir='ltr' id='par_1_14' title="bbox 616 2081 728 2117">
     <span class='ocr_line' id='line_1_28' title="bbox 616 2081 728 2117; baseline -0.009 0"><span class='ocrx_word' id='word_1_146' title='bbox 616 2081 728 2117; x_wconf 93' lang='lat' dir='ltr'>LXX</span> 
     </span>
    </p>
   </div>
   <div class='ocr_carea' id='block_1_10' title="bbox 117 2143 1100 2256">
    <p class='ocr_par' dir='ltr' id='par_1_15' title="bbox 117 2143 1100 2256">
     <span class='ocr_line' id='line_1_29' title="bbox 117 2143 1100 2193; baseline 0 -11"><span class='ocrx_word' id='word_1_147' title='bbox 117 2145 239 2193; x_wconf 84' lang='lat' dir='ltr'>Quod</span> <span class='ocrx_word' id='word_1_148' title='bbox 269 2143 365 2181; x_wconf 89' lang='lat' dir='ltr'>mihi</span> <span class='ocrx_word' id='word_1_149' title='bbox 393 2144 455 2182; x_wconf 83' lang='lat' dir='ltr'>vix</span> <span class='ocrx_word' id='word_1_150' title='bbox 484 2158 585 2183; x_wconf 90' lang='lat' dir='ltr'>unus</span> <span class='ocrx_word' id='word_1_151' title='bbox 615 2152 699 2183; x_wconf 88' lang='lat' dir='ltr'>toto</span> <span class='ocrx_word' id='word_1_152' title='bbox 728 2143 826 2183; x_wconf 88' lang='lat' dir='ltr'>liber</span> <span class='ocrx_word' id='word_1_153' title='bbox 854 2151 965 2182; x_wconf 84' lang='lat' dir='ltr'>exeat</span> <span class='ocrx_word' id='word_1_154' title='bbox 994 2157 1100 2182; x_wconf 85' lang='lat' dir='ltr'>anno</span> 
     </span>
     <span class='ocr_line' id='line_1_30' title="bbox 171 2208 1021 2256; baseline -0.001 -9"><span class='ocrx_word' id='word_1_155' title='bbox 171 2208 346 2247; x_wconf 87' lang='lat' dir='ltr'>desidiae</span> <span class='ocrx_word' id='word_1_156' title='bbox 375 2208 445 2247; x_wconf 84' lang='lat' dir='ltr'>tibi</span> <span class='ocrx_word' id='word_1_157' title='bbox 474 2222 572 2256; x_wconf 90' lang='lat' dir='ltr'>sum,</span> <span class='ocrx_word' id='word_1_158' title='bbox 605 2210 721 2248; x_wconf 88' lang='lat' dir='ltr'>docte</span> <span class='ocrx_word' id='word_1_159' title='bbox 752 2208 891 2256; x_wconf 83' lang='lat' dir='ltr'>Potite,</span> <span class='ocrx_word' id='word_1_160' title='bbox 923 2222 1021 2247; x_wconf 86' lang='lat' dir='ltr'>reus.</span> 
     </span>
    </p>
   </div>
   <div class='ocr_carea' id='block_1_11' title="bbox 119 2309 1450 2437">
    <p class='ocr_par' dir='ltr' id='par_1_16' title="bbox 119 2309 1450 2437">
     <span class='ocr_line' id='line_1_31' title="bbox 164 2309 1154 2352; baseline 0.001 -12"><span class='ocrx_word' id='word_1_161' title='bbox 164 2310 293 2340; x_wconf 91' lang='lat' dir='ltr'>LXVII</span> <span class='ocrx_word' id='word_1_162' title='bbox 321 2320 341 2349; x_wconf 88' lang='lat'><strong>3</strong></span> <span class='ocrx_word' id='word_1_163' title='bbox 365 2311 500 2342; x_wconf 86' lang='lat' dir='ltr'>uocabit</span> <span class='ocrx_word' id='word_1_164' title='bbox 516 2311 581 2342; x_wconf 81' lang='lat' dir='ltr'>cod.</span> <span class='ocrx_word' id='word_1_165' title='bbox 604 2312 676 2352; x_wconf 79' lang='lat' dir='ltr'>(pro</span> <span class='ocrx_word' id='word_1_166' title='bbox 693 2311 791 2349; x_wconf 70' lang='lat' dir='ltr'>-uit?)</span> <span class='ocrx_word' id='word_1_167' title='bbox 926 2321 943 2350; x_wconf 96' lang='lat'>7</span> <span class='ocrx_word' id='word_1_168' title='bbox 969 2311 1074 2350; x_wconf 85' lang='lat' dir='ltr'>plutia</span> <span class='ocrx_word' id='word_1_169' title='bbox 1090 2309 1154 2341; x_wconf 88' lang='lat' dir='ltr'>cod.</span> 
     </span>
     <span class='ocr_line' id='line_1_32' title="bbox 164 2351 1450 2394; baseline -0.002 -10"><span class='ocrx_word' id='word_1_170' title='bbox 164 2353 309 2384; x_wconf 87' lang='lat' dir='ltr'>LXVIII</span> <span class='ocrx_word' id='word_1_171' title='bbox 335 2364 384 2385; x_wconf 86' lang='lat' dir='ltr'>vv.</span> <span class='ocrx_word' id='word_1_172' title='bbox 407 2355 477 2393; x_wconf 81' lang='lat'>1-8,</span> <span class='ocrx_word' id='word_1_173' title='bbox 513 2364 615 2385; x_wconf 87' lang='lat'>11-12</span> <span class='ocrx_word' id='word_1_174' title='bbox 638 2355 712 2386; x_wconf 77' lang='lat' dir='ltr'>hab.</span> <span class='ocrx_word' id='word_1_175' title='bbox 738 2355 768 2385; x_wconf 88' lang='lat' dir='ltr'><em>T</em></span> <span class='ocrx_word' id='word_1_176' title='bbox 829 2365 849 2385; x_wconf 86' lang='lat'><em>2</em></span> <span class='ocrx_word' id='word_1_177' title='bbox 873 2354 966 2385; x_wconf 81' lang='lat' dir='ltr'>uicos</span> <span class='ocrx_word' id='word_1_178' title='bbox 988 2354 1018 2384; x_wconf 93' lang='lat' dir='ltr'><em>T</em></span> <span class='ocrx_word' id='word_1_179' title='bbox 1101 2364 1120 2394; x_wconf 88' lang='lat'><strong>3</strong></span> <span class='ocrx_word' id='word_1_180' title='bbox 1145 2354 1187 2384; x_wconf 91' lang='lat' dir='ltr'>de</span> <span class='ocrx_word' id='word_1_181' title='bbox 1205 2352 1405 2383; x_wconf 81' lang='lat' dir='ltr'>cocoleratis</span> <span class='ocrx_word' id='word_1_182' title='bbox 1423 2351 1450 2381; x_wconf 81' lang='lat' dir='ltr'><em>T</em></span> 
     </span>
     <span class='ocr_line' id='line_1_33' title="bbox 119 2394 1424 2437; baseline -0.003 -9"><span class='ocrx_word' id='word_1_183' title='bbox 119 2409 138 2437; x_wconf 90' lang='lat'>4</span> <span class='ocrx_word' id='word_1_184' title='bbox 164 2402 196 2428; x_wconf 88' lang='lat' dir='ltr'>et</span> <span class='ocrx_word' id='word_1_185' title='bbox 214 2398 317 2428; x_wconf 89' lang='lat' dir='ltr'>durus</span> <span class='ocrx_word' id='word_1_186' title='bbox 338 2397 368 2428; x_wconf 86' lang='lat' dir='ltr'><em>T</em></span> <span class='ocrx_word' id='word_1_187' title='bbox 452 2399 473 2428; x_wconf 87' lang='lat'>6</span> <span class='ocrx_word' id='word_1_188' title='bbox 496 2398 583 2428; x_wconf 88' lang='lat' dir='ltr'>iouis</span> <span class='ocrx_word' id='word_1_189' title='bbox 602 2398 631 2429; x_wconf 86' lang='lat' dir='ltr'><em>T</em></span> <span class='ocrx_word' id='word_1_190' title='bbox 728 2408 762 2428; x_wconf 93' lang='lat'>11</span> <span class='ocrx_word' id='word_1_191' title='bbox 791 2398 810 2429; x_wconf 93' lang='lat' dir='ltr'>l.</span> <span class='ocrx_word' id='word_1_192' title='bbox 830 2403 863 2429; x_wconf 84' lang='lat' dir='ltr'>et</span> <span class='ocrx_word' id='word_1_193' title='bbox 880 2398 989 2429; x_wconf 86' lang='lat' dir='ltr'>discas</span> <span class='ocrx_word' id='word_1_194' title='bbox 1008 2397 1037 2429; x_wconf 91' lang='lat' dir='ltr'><em>T</em></span> <span class='ocrx_word' id='word_1_195' title='bbox 1165 2396 1280 2427; x_wconf 89' lang='lat' dir='ltr'>LXIX</span> <span class='ocrx_word' id='word_1_196' title='bbox 1303 2396 1375 2426; x_wconf 74' lang='lat' dir='ltr'>hab.</span> <span class='ocrx_word' id='word_1_197' title='bbox 1393 2394 1424 2424; x_wconf 78' lang='lat' dir='ltr'><em>R</em></span> 
     </span>
    </p>
   </div>
  </div>
 </body>
</html>
