1684 2715
799 146 1264 185 EPIGRAMMATON
1303 150 1403 186 LIB.
1442 150 1450 184 Ι

119 259 215 309 quid
246 268 412 309 possunt
443 260 612 298 hederae
643 259 791 297 Bacchi
821 260 946 298 dare?
987 261 1168 298 Pallados
1197 261 1312 298 arbor

174 325 336 363 inclinat
367 324 488 362 varias
520 326 696 374 pondere
726 324 834 375 nigra
863 339 1009 364 comas.

120 399 271 440 praeter
299 404 420 440 aquas
453 390 627 428 Helicon
657 398 696 428 et
724 398 826 429 serta
855 392 1034 440 lyrasque
1064 391 1225 429 dearum

175 457 227 494 nil
256 456 376 494 habet
406 464 444 494 et
474 470 673 506 magnum,
705 457 775 494 sed
805 455 993 506 perinane
1022 457 1180 506 sophos.
1421 473 1457 494 10

119 521 213 571 quid
245 521 315 559 tibi
345 535 436 559 cum
467 521 635 561 Cirrha?
673 521 768 571 quid
799 535 890 560 eum
922 521 1168 560 Permesside
1200 523 1337 559 nuda?

174 589 402 625 Romanum
433 587 594 637 propius
624 586 863 637 divitiusque
892 588 1019 626 forum
1051 596 1118 625 est.

119 652 196 690 illic
225 666 314 691 aera
344 660 510 691 sonant:
550 661 589 690 at
619 652 766 691 circum
797 653 950 703 pulpita
979 661 1111 691 nostra

173 727 208 756 et
240 717 388 757 steriles
419 719 627 757 cathedras
657 718 767 756 basia
797 720 880 756 sola
910 727 1080 769 crepant.

580 836 777 872 LXXVII

123 913 287 949 Pulchre
317 913 418 949 valet
449 910 645 950 Charinus
675 919 712 949 et
743 918 874 949 tamen
906 913 1034 961 pallet.

120 991 234 1025 parce
265 976 363 1014 bibit
394 975 590 1015 Charinus
621 983 658 1014 et
688 984 820 1014 tamen
851 977 980 1025 pallet.

120 1043 220 1080 bene
251 1041 466 1091 concoquit
498 1041 695 1080 Charinus
725 1048 763 1079 et
793 1049 927 1079 tamen
959 1042 1086 1090 pallet.

118 1109 200 1145 sole
230 1106 351 1145 utitur
381 1106 578 1146 Charinus
609 1114 646 1145 et
677 1114 810 1144 tamen
841 1108 970 1156 pallet.

119 1172 230 1222 tingit
260 1180 391 1210 cutem
423 1172 620 1211 Charinus
651 1180 688 1210 et
718 1179 852 1210 tamen
883 1174 1011 1222 pallet.
1439 1187 1455 1217 5

118 1252 292 1276 cunnum
325 1237 521 1277 Charinus
551 1237 662 1287 lingit
691 1245 730 1276 et
760 1245 892 1276 tamen
924 1239 1052 1287 pallet.

571 1351 792 1388 LXXVIII

123 1428 309 1477 Indignas
341 1435 535 1477 premeret
566 1426 686 1477 pestis
716 1441 807 1465 cum
838 1425 972 1465 tabida
1001 1427 1132 1464 fauces

172 1493 292 1543 inque
322 1492 428 1544 ipsos
457 1493 587 1530 vultus
617 1499 788 1542 serperet
817 1498 899 1529 atra
927 1493 1022 1537 lues,

118 1558 232 1597 siccis
262 1558 346 1608 ipse
375 1557 485 1608 genis
516 1559 655 1596 flentes
685 1558 863 1595 hortatus
892 1556 1041 1594 amicos

172 1623 345 1663 decrevit
375 1623 528 1673 Stygios
561 1625 699 1661 Festus
728 1622 837 1660 adire
867 1623 985 1660 lacus.

120 1704 191 1728 nec
222 1698 354 1728 tamen
384 1689 555 1727 obscuro
585 1688 649 1739 pia
678 1687 817 1738 polluit
847 1701 914 1725 ora
942 1700 1096 1725 veneno
1439 1703 1455 1732 5

171 1763 238 1793 aut
268 1754 379 1793 torsit
408 1756 514 1793 lenta
544 1753 666 1792 tristia
695 1755 774 1792 fata
803 1754 918 1800 fame,

119 1829 294 1859 sanctam
327 1822 512 1858 Romana
541 1819 661 1857 vitam
691 1821 761 1858 sed
793 1826 917 1856 morte
948 1817 1096 1868 peregit

173 1885 403 1935 dimisitque
431 1884 605 1923 animam
636 1884 831 1923 nobiliore
862 1897 966 1933 rogo.

126 1953 240 1989 Hanc
271 1958 438 1989 mortem
469 1950 556 1988 fatis
588 1949 719 1999 magni
750 1950 943 1999 praeferre
974 1947 1138 1987 Catonis

175 2018 278 2054 fama
306 2023 462 2065 potest:
501 2014 618 2053 huius
649 2016 794 2055 Caesar
823 2014 974 2052 amicus
1004 2021 1094 2051 erat.
1420 2028 1455 2048 10

166 2120 309 2151 LXXVI
330 2121 350 2150 8
375 2120 487 2151 uarios
503 2120 557 2150 ΒΛ
573 2131 579 2150 1
603 2119 698 2150 uario
712 2118 903 2150 Schnn'eder
987 2129 1008 2157 9
1034 2118 1131 2159 Hel]
1149 2118 1238 2147 licon
1253 2118 1301 2148 CA
1377 2117 1457 2147 deo-

122 2174 192 2194 rum
212 2164 261 2195 CA
353 2173 393 2194 10
416 2174 552 2203 semper
568 2164 668 2194 inane
686 2163 762 2194 BA:
786 2163 847 2193 sed
865 2162 1025 2201 perinane
1045 2162 1094 2192 CA
1186 2172 1220 2191 11
1249 2160 1456 2200 permesside

123 2208 209 2238 nuda
227 2207 301 2238 BA:
328 2208 546 2246 permessidis
563 2208 653 2237 unda
672 2207 740 2238 CA:
766 2206 947 2245 parnaside
966 2207 1055 2236 nuda
1074 2205 1105 2245 Q
1239 2215 1277 2234 12
1302 2204 1457 2244 proprius

122 2252 230 2291 g-pius
248 2251 294 2286 E>
311 2251 534 2291 diuitiumque
554 2251 604 2282 CA
775 2260 813 2289 13
837 2251 879 2280 ad
896 2249 985 2280 codd.

166 2294 329 2325 LXXVII
354 2296 428 2326 hab.
455 2295 484 2325 T
629 2296 649 2325 6
672 2295 786 2334 lingua
813 2294 908 2324 nefas
942 2293 1076 2324 carinus
1108 2293 1168 2322 ΑΛ
1202 2293 1280 2333 (pro
1311 2301 1455 2322 cunnum

122 2338 289 2368 Charinus
306 2339 417 2378 lingit)
474 2348 478 2353 ·

166 2382 347 2412 LXXVIII
367 2393 385 2412 2
403 2383 512 2423 ipsos]
527 2381 652 2413 suosP
695 2383 715 2411 6
732 2381 852 2412 famem
867 2381 916 2411 CA
968 2391 984 2419 7
1001 2385 1116 2410 sancta
1131 2380 1214 2419 (scil)
1231 2389 1367 2409 romana
1381 2377 1433 2406 BA
1450 2389 1453 2404 z

122 2430 273 2455 sanctam
290 2436 460 2456 romanam
481 2425 530 2456 CA
633 2427 653 2457 8
679 2435 762 2463 rogo
780 2425 834 2455 BA
849 2436 856 2455 t
881 2425 947 2454 uita
967 2424 1015 2455 CA
1030 2423 1083 2463 (cf.
1100 2435 1130 2455 v.
1146 2424 1189 2461 7),
1207 2422 1292 2452 unde
1308 2423 1361 2451 uia
1379 2420 1449 2450 Ital.

167 2490 270 2511 MARr.
291 2491 340 2511 Ep,
1352 2478 1371 2506 3
