1684 2763
784 137 1253 197 EPIGRAMMA'I‘ON
1287 139 1388 176 LIB.
1422 140 1503 176 XII

172 259 253 284 non
283 245 383 284 derit
412 245 479 296 qui
509 252 617 284 tanta
647 245 717 284 tibi
747 248 972 296 spectacula
1001 254 1171 297 praestet

226 310 372 349 invidia
401 310 468 348 fati
498 312 568 349 sed
598 310 742 349 leviore
771 312 896 349 cadat.

172 375 203 414 si
233 382 270 414 te
300 377 498 414 delectant
527 375 706 414 animosa
735 375 917 426 pericula,
950 376 1091 414 Tuscis

224 440 397 479 -tutior
426 448 484 479 est
513 441 920 480 virtus—insidiemur
948 441 1061 491 apriS.
1469 457 1506 479 10

172 505 280 554 Quid
312 513 348 544 te
378 507 486 544 frena
514 506 648 545 iuvant
678 505 910 544 temeraria?
948 506 1103 556 saepius
1134 506 1218 553 illis,

226 570 367 618 Prisce,
398 572 535 610 datum
565 579 623 610 est
653 571 826 621 equitem
856 585 1036 622 rumpere
1067 585 1186 621 quam
1217 573 1402 622 leporem.

692 660 768 696 XV

282 723 489 774 Quidquid
521 723 724 762 Parrhasia
754 723 903 762 nitebat
932 725 1022 761 aula

279 790 471 827 donatum
501 796 559 827 est
589 788 713 827 oculis
743 788 907 838 deisque
937 788 1088 827 nostris.

282 853 441 892 miratur
470 854 673 903 Scythicas
702 854 861 892 virentis
891 854 973 892 auri

280 920 458 956 flammas
490 918 666 968 Iuppiter
695 926 733 957 et
762 926 893 969 stupet
922 918 1081 969 superbi

280 983 378 1033 regis
408 983 569 1022 delicias
597 997 812 1033 gravesque
842 985 972 1021 lusus:
1492 998 1508 1029 5

281 1049 379 1087 haec
408 1055 499 1086 sunt
528 1050 672 1098 pocula
701 1062 802 1098 quae
831 1049 976 1086 decent
1005 1049 1244 1094 Tonantem,

281 1114 378 1152 haec
407 1120 498 1151 sunt
527 1127 629 1163 quae
660 1113 871 1163 Phrygium
901 1114 1044 1151 decent
1075 1112 1307 1150 ministrum.

280 1179 432 1218 Omnes
461 1192 552 1217 cum
584 1180 680 1217 Iove
709 1192 815 1216 nunc
845 1192 980 1216 sumus
1010 1177 1139 1224 beati,

279 1250 318 1281 at
349 1245 664 1294 nuper—pudet,
695 1245 746 1282 ah
776 1245 900 1294 pudet
929 1243 1095 1281 fateri—

281 1321 420 1346 omnes
449 1322 540 1346 cum
572 1310 668 1347 Iove
696 1321 889 1359 pauperes
918 1321 1083 1346 eramus.
1471 1321 1508 1343 10

679 1397 778 1434 XVI

282 1462 457 1509 Addixti,
490 1461 680 1508 Labiene,
708 1468 785 1499 tres
813 1461 987 1511 agellos3

285 1527 425 1574 emisti,
458 1526 643 1572 Labiene,
677 1533 752 1564 tres
782 1525 993 1564 cinaedos:

281 1591 452 1641 pedicas,
484 1591 671 1638 Labiene,
702 1598 778 1629 tres
807 1591 964 1640 agellos.

666 1679 789 1716 XVII

175 1747 308 1794 Quare
336 1752 416 1782 tam
447 1743 579 1782 multis
608 1757 631 1782 a
660 1750 710 1790 te,
743 1742 916 1790 Laetine,
948 1741 1088 1781 diebus

227 1823 308 1848 non
337 1810 452 1848 abeat
481 1809 598 1848 febris
628 1808 782 1859 quaeris
811 1816 850 1847 et
878 1821 1003 1858 usque
1031 1805 1165 1857 gemis.

177 1877 361 1914 Gestatur
389 1882 521 1913 tecum
550 1873 693 1924 pariter
721 1881 933 1923 tecumque
962 1873 1110 1910 lavatur
1126 1885 1134 1917 3

229 1947 343 1978 cenat
372 1940 538 1986 boletos,
569 1947 706 1986 ostrea,
739 1951 890 1985 sumen,
920 1950 1059 1987 aprum
1074 1951 1084 1984 ,-

221 2049 238 2078 7
264 2039 373 2069 deerit
398 2039 514 2079 (derit)
534 2062 541 2070 .
561 2061 568 2068 .
589 2062 597 2069 .
616 2041 766 2077 praestet
790 2037 843 2078 (ex
858 2041 906 2067 -at
922 2034 969 2076 R)
988 2035 1070 2066 ΑΑε
1105 2035 1249 2064 dcerunt
1271 2033 1425 2073 (derunt)
1444 2055 1452 2062 .
1471 2056 1476 2061 .
1496 2056 1505 2065 .

177 2087 352 2122 praestent
378 2083 466 2122 (-ant
495 2081 542 2122 Q)
570 2081 677 2112 BACA
817 2082 838 2111 8
861 2080 942 2111 satis
966 2083 1001 2110 et
1023 2078 1077 2109 BA
1102 2082 1134 2118 (s
1153 2083 1212 2118 pro
1230 2077 1280 2114 s):
1305 2076 1381 2106 fatis
1402 2080 1435 2106 et
1456 2075 1505 2106 CA

177 2126 322 2165 leviore]
351 2125 446 2156 uiore
472 2125 520 2155 CA
545 2125 689 2166 (leuiore
714 2124 767 2162 A)
857 2124 953 2154 cadat
978 2121 1060 2152 ΑΑε
1094 2122 1215 2152 cadant
1239 2119 1315 2149 BA:
1340 2120 1432 2150 cadit
1456 2118 1505 2149 CA

178 2180 199 2209 9
222 2169 368 2200 delectat
387 2168 437 2199 CA
584 2168 648 2199 XV
666 2178 731 2199 om.
751 2166 801 2198 CA
894 2177 907 2196 1
926 2165 1055 2196 nitebat
1072 2165 1147 2195 Ital.
1165 2176 1172 2195 z
1189 2163 1309 2194 nitebit
1327 2162 1394 2193 cod.
1486 2172 1504 2201 5

178 2213 279 2243 luxus
291 2212 524 2252 Junius,forl.
547 2216 622 2242 recte
773 2221 794 2250 9
818 2215 852 2241 at
869 2209 955 2250 (Lf)
972 2209 1023 2240 vel
1037 2219 1075 2239 ac
1093 2207 1187 2248 (ΡΩ)
1207 2207 1261 2237 ΒΑ
1349 2206 1390 2236 ah
1408 2204 1476 2236 cdd.
1498 2217 1504 2235 z

179 2261 212 2287 at
229 2257 294 2286 cod.
488 2255 584 2285 XVII
609 2255 683 2285 hab.
707 2253 737 2284 T
849 2264 869 2292 3
894 2258 1004 2284 tecum
1023 2252 1151 2292 pariter
1173 2256 1350 2288 tecumque
1374 2249 1456 2279 AA:
1481 2254 1501 2279 t.

180 2299 308 2339 pariter
325 2298 519 2338 pariterque
538 2299 650 2339 (PQf)
670 2299 719 2328 vel
734 2302 756 2329 t.
777 2298 970 2337 pariterque
989 2296 1044 2336 (L)
1064 2295 1118 2325 ΒΑ
1135 2306 1142 2325 :
1165 2298 1291 2324 tectum
1314 2298 1436 2332 ktecum
1454 2292 1504 2331 A)

181 2343 375 2382 pariterque
396 2341 466 2372 CA:
491 2347 601 2372 tecum
618 2342 702 2373 sella
717 2346 895 2380 tecumque
912 2340 949 2370 N
1077 2338 1203 2368 lauauit
1219 2336 1279 2366 ΑΑ
1298 2336 1363 2377 (tle.
1383 2336 1480 2373 -bitn
1499 2345 1505 2363 τ

182 2387 314 2417 lauatur
331 2384 441 2415 BACA
459 2385 558 2426 (lab-)

226 2450 331 2471 MART.
353 2450 404 2470 ΕΡ.
1377 2432 1418 2462 23
