1684 2763
509 177 689 215 INDEX
729 178 988 215 EPIGRAM
997 177 1197 215 MATON

255 287 304 318 Os
321 291 353 319 et
371 287 462 318 labra
480 287 537 318 tibi
555 287 665 329 lingit,
685 287 850 321 Manneia,
873 287 1013 317 catellus
1060 287 1084 327 Ι,
1104 288 1156 326 83.

255 331 306 361 Os
323 331 409 361 male
426 331 600 361 causidicis
617 336 651 361 et
668 332 749 361 dicis
767 331 860 361 olere
878 331 988 370 poetis
1035 330 1097 371 XI,
1115 342 1167 370 30.

256 418 413 448 Paedicat
431 428 556 457 pueros
571 418 674 448 tribas
691 418 862 448 Philaenis
906 417 982 457 VII,
1001 419 1054 456 67.

256 461 457 492 Paedicatur
475 461 570 501 Eros,
590 461 680 492 fellat
699 462 820 492 Linus:
848 462 924 500 Ole,
944 463 1022 501 quid
1039 462 1080 492 ad
1098 466 1130 492 te
1176 461 1250 501 VII,
1275 472 1323 493 10.

257 505 503 536 Paediconibus
520 516 558 536 os
575 505 668 536 olere
684 505 767 536 dicis
812 505 892 543 XII,
909 506 960 544 85.

257 549 384 579 Pallida
401 559 443 578 ne
461 549 601 579 Cilicum
620 550 760 579 timeant
777 549 928 588 pomaria
945 550 1094 580 brumam
1140 548 1234 586 VIII,
1258 560 1307 588 14.

258 593 370 622 Palma
388 593 475 631 regit
493 598 638 632 nostros,
659 594 834 623 mitissime
851 594 988 631 Caesar,
1009 593 1159 623 Hiberos
1204 592 1283 628 XII,
1301 603 1331 632 9.

258 636 474 666 Pannonicas
492 638 588 667 nobis
608 647 787 675 numquam
805 637 897 666 dedit
911 637 1047 667 Vmbria
1065 642 1172 667 cattas
1218 636 1316 674 XIII,
1333 638 1387 676 69.

258 680 321 710 Par
338 680 450 710 scelus
465 681 599 710 admisit
618 681 748 711 Phariis
765 680 934 711 Antonius
949 682 1050 711 armis
1097 679 1157 720 III,
1175 681 1228 711 66.

259 724 397 754 Parcius
414 725 518 754 utaris
537 735 659 754 moneo
677 725 831 764 rapiente
848 725 973 755 veredo
1019 723 1097 761 XII,
1122 735 1168 763 14.

259 767 341 798 Pars
360 769 569 798 maxillarum
588 773 684 798 tonsa
701 773 753 798 est
769 768 839 806 tibi,
858 778 937 806 pars
953 769 1013 798 tibi
1031 778 1106 798 rasa
1123 773 1174 798 est
1218 767 1312 807 VIII,
1333 778 1386 807 47.

259 811 444 841 Parthenio
463 812 527 846 die„
547 812 652 851 Musa,
673 818 731 842 tuo
749 818 934 850 nostroque
952 813 1095 842 salutem
1143 811 1222 847 XII,
1244 822 1293 843 11.

259 855 365 885 Parva
382 865 482 893 rogas
499 866 639 894 magnos
654 867 661 892 ;
684 856 744 885 scd
759 866 825 885 non
840 856 920 885 dant
936 857 1018 886 haec
1032 866 1167 894 quoque
1180 856 1293 894 magni
1327 855 1388 893 XI,
1402 855 1454 884 68.

260 898 367 928 Parva
384 899 567 929 suburbani
585 899 785 929 munuscula
804 899 968 929 mittimus
985 899 1075 929 horti
1122 898 1197 937 VII,
1217 909 1269 938 49.

260 942 415 972 Pascitur
432 947 465 972 et
484 943 572 973 dulci
591 943 697 973 facilis
714 943 839 981 gallina
856 943 964 973 farina
1009 942 1107 982 XIII,
1127 944 1180 973 62.

260 986 362 1016 Pater
378 996 421 1015 ex
439 985 591 1024 Marulla,
613 987 732 1024 Cinna,
753 986 859 1016 factus
878 997 914 1016 es
932 991 1063 1025 septem
1109 986 1166 1023 VI,
1188 997 1239 1025 739.

261 1030 372 1060 Pauca
391 1028 504 1060 Iovem
524 1040 632 1069 nuper
649 1040 723 1059 cum
742 1030 834 1059 milia
850 1030 936 1060 forte
954 1040 1108 1068 rogarem
1153 1029 1211 1064 VI,
1234 1039 1281 1061 10.

260 1074 395 1112 Pauper
411 1074 579 1103 amicitiae
596 1084 670 1103 cum
689 1074 745 1111 sis,
767 1073 872 1112 Lupe,
890 1084 958 1103 non
976 1084 1013 1103 es
1030 1074 1157 1103 amicae
1205 1073 1264 1111 IX,
1286 1083 1314 1103 2.

261 1117 394 1155 Pauper
411 1117 601 1147 causidicus
619 1117 728 1146 nullos
746 1116 929 1147 referentia
945 1127 1100 1147 nummos
1148 1116 1238 1155 XIV,
1259 1126 1332 1154 219.

263 1160 398 1199 Pauper
414 1161 523 1190 videri
540 1161 651 1190 Cinna
668 1160 761 1197 vult;
787 1165 819 1190 et
837 1166 889 1190 est
907 1171 1039 1199 pauper
1082 1159 1176 1199 VIII,
1200 1171 1247 1198 19.

263 1204 426 1243 Pauperis
444 1210 496 1234 est
512 1214 634 1234 munus
651 1204 710 1233 sed
730 1214 796 1233 non
814 1208 866 1234 est
883 1205 1044 1243 pauperis
1062 1214 1142 1234 usus
1189 1203 1280 1242 XIV,
1304 1203 1373 1232 126.

263 1247 430 1286 Pauperis
447 1248 596 1278 extruxit
613 1248 741 1285 cellam,
761 1248 821 1277 sed
838 1248 993 1278 vendidit
1009 1248 1094 1278 Olus
1142 1247 1202 1283 III,
1222 1247 1274 1285 48.

263 1291 331 1322 Pax
348 1302 401 1321 me
418 1297 510 1322 certa
527 1291 622 1321 ducis
639 1291 788 1330 placidos
805 1292 956 1321 curvavit
974 1292 1007 1321 in
1025 1301 1107 1321 usus
1154 1290 1245 1328 XIV,
1264 1300 1318 1329 34.

263 1335 442 1365 Peccantis
458 1335 572 1365 famuli
591 1345 704 1374 pugno
723 1345 765 1364 ne
783 1340 922 1373 percute
941 1335 1063 1365 dentes
1107 1334 1199 1373 XIV,
1215 1335 1268 1372 69.

264 1379 413 1409 Pellibus
429 1379 564 1418 exiguis
581 1383 709 1408 artatur
726 1378 841 1408 Livius
858 1379 980 1417 ingens
1027 1377 1118 1417 XIV,
1145 1389 1216 1415 190.

265 1422 475 1452 Pendentem
492 1432 623 1453 summa
640 1432 795 1461 capream
814 1423 854 1452 de
873 1433 956 1461 rupe
973 1422 1103 1452 videbis
1150 1421 1245 1455 XIII.
1265 1421 1319 1459 98.

266 1466 418 1496 Pendula
438 1466 636 1505 Pomptinos
653 1476 738 1504 quae
756 1470 888 1504 spectat
906 1466 999 1496 Setia
1018 1476 1156 1503 campos
1202 1464 1299 1503 XIII,
1320 1474 1390 1495 112.

266 1509 398 1540 Percidi
416 1510 556 1548 gaudes,
576 1510 741 1549 percisus,
762 1509 901 1548 Papyle,
924 1510 1036 1548 ploras
1083 1508 1138 1547 IV,
1158 1510 1209 1547 48.

267 1553 472 1583 Perfrixisse
492 1557 567 1583 tuas
583 1558 703 1592 questa
720 1558 771 1583 est
789 1553 955 1592 praefatio
973 1553 1088 1583 fauces
1135 1552 1195 1591 III,
1219 1553 1267 1584 18.

265 1597 454 1635 Pergamon
473 1597 533 1627 has
550 1597 652 1628 misit.
699 1597 811 1627 Curvo
828 1597 1043 1632 destringere
1059 1597 1149 1626 ferro
1196 1595 1287 1636 XIV,
1307 1606 1359 1635 51.

266 1641 479 1671 Periclitatur
495 1641 605 1679 capite
623 1641 768 1671 Sotades
785 1646 902 1670 noster
946 1639 1003 1674 VI,
1021 1636 1076 1672 ⁴26.

268 1685 407 1723 Perlege
427 1684 584 1714 Maeonio
602 1689 753 1714 cantatas
772 1685 920 1714 carmine
938 1694 1037 1714 ranas
1083 1683 1174 1721 XIV,
1199 1684 1269 1722 183.

266 1728 469 1767 Perpetuam
488 1728 614 1758 Stellae
632 1729 709 1758 dum
726 1728 834 1766 iungit
851 1727 1007 1758 Ianthida
1024 1728 1090 1758 vati
1135 1727 1193 1765 VI,
1214 1737 1264 1758 21.

267 1772 426 1811 Perpetui
445 1782 626 1810 numquam
643 1772 806 1802 moritura
822 1771 993 1801 volumina
1010 1771 1073 1802 Sili
1117 1770 1193 1809 VII,
1212 1772 1265 1808 63.

267 1816 471 1846 Pervenisse
489 1820 578 1845 tuam
597 1815 661 1845 iam
679 1820 713 1845 te
730 1816 794 1846 scit
812 1814 956 1845 Rhenus
973 1816 1007 1845 in
1025 1815 1143 1845 urbem
1187 1813 1280 1853 VIII,
1303 1824 1351 1845 11.

267 1860 356 1890 Petit
373 1859 548 1889 Gemellus
565 1859 700 1897 nuptias
719 1859 918 1889 Maronillae
966 1858 991 1895 I,
1014 1869 1053 1889 10

267 1903 415 1933 Pexatus
433 1903 572 1941 pulchre
590 1903 680 1932 rides
696 1913 780 1941 mea,
800 1902 904 1940 Zoile,
924 1903 1001 1932 trita
1048 1901 1091 1941 II,
1110 1902 1164 1941 58.

268 1946 415 1984 Phoebe,
432 1947 521 1985 veni,
541 1947 600 1976 sed
618 1951 766 1984 quantus
782 1956 858 1976 eras
875 1956 950 1976 cum
968 1946 1055 1976 bella
1071 1946 1203 1976 tonanti
1242 1945 1317 1980 VH,
1338 1955 1388 1983 23.

268 1990 477 2029 Phosphore,
495 1991 600 2020 redde
617 1991 705 2020 diem
723 2001 729 2020 :
751 1990 832 2028 quid
845 1990 967 2028 gaudia
981 1995 1097 2021 nostra
1109 1990 1273 2020 moraris?
1305 1988 1398 2027 VIII,
1413 1998 1464 2018 21.

268 2033 348 2064 Pica
365 2033 489 2073 loquax
506 2039 596 2063 certa
614 2033 786 2064 dominum
804 2039 837 2064 te
855 2044 938 2064 voce
954 2033 1063 2063 saluto
1110 2032 1201 2071 XIV,
1222 2033 1272 2071 76.

270 2077 447 2107 Picentina
465 2078 572 2107 Ceres
589 2078 688 2107 niveo
704 2078 754 2108 sic
772 2083 908 2107 nectare
926 2078 1048 2108 crescit
1094 2076 1191 2115 XIII,
1211 2087 1262 2115 47.

269 2120 363 2150 Picto
381 2122 470 2159 quod
489 2121 567 2160 iuga
583 2121 726 2151 delicata
743 2121 829 2151 collo
875 2120 901 2159 Ι,
924 2131 995 2159 104.

269 2163 400 2194 Pierios
416 2165 502 2194 vatis
518 2164 688 2194 Theodori
706 2165 837 2194 flamma
854 2170 997 2203 penates
1043 2163 1104 2203 XI,
1121 2174 1173 2202 93.

270 2207 417 2237 Pinxisti
433 2207 614 2245 Venerem,
636 2208 729 2245 colisy
749 2208 975 2246 Artemidore,
996 2207 1184 2237 Minervam
1229 2205 1270 2245 V,
1287 2217 1339 2245 40.

271 2251 383 2281 Pistor
399 2252 456 2290 qui
472 2251 584 2281 fueras
601 2252 669 2290 diu,
690 2251 825 2290 Cypere
870 2251 963 2289 VIII,
987 2253 1035 2282 16.

271 2294 376 2324 Plena
394 2294 556 2325 laboratis
573 2295 697 2325 habeas
716 2306 790 2325 cum
809 2295 932 2325 scrinia
949 2295 1044 2325 libris
1090 2293 1146 2333 IV,
1166 2303 1218 2332 33.

271 2338 386 2368 Plorat
404 2337 498 2377 Eros,
517 2339 676 2377 quotiens
692 2339 882 2369 maculosae
899 2339 1018 2377 pocula
1031 2347 1164 2368 murrae
1212 2337 1254 2375 X,
1274 2337 1326 2367 80.

273 2381 353 2412 Plus
370 2382 477 2412 eredit
496 2392 594 2411 nemo
611 2386 680 2411 tota
696 2392 797 2420 quam
815 2382 948 2412 Cordus
966 2382 999 2411 in
1017 2383 1100 2412 urbe
1146 2380 1207 2417 III,
1230 2390 1279 2419 15.

271 2425 375 2455 Poma
391 2435 508 2455 sumus
526 2425 692 2464 Cybeles:
719 2426 835 2464 procul
852 2425 931 2456 hine
948 2426 1097 2463 discede,
1113 2425 1222 2454 viator
1267 2422 1363 2460 XIII,
1378 2432 1430 2461 25.

272 2468 453 2508 Pompeios
470 2469 610 2499 iuvenes
626 2468 710 2498 Asia
725 2473 828 2508 atque
846 2468 991 2508 Europa,
1010 2469 1070 2498 sed
1088 2469 1197 2509 ipsum
1242 2466 1283 2504 V,
1302 2477 1352 2505 74.
