1684 2715
250 107 304 144 M.
336 106 459 143 VAL.
494 104 808 142 MARTIALIS

664 217 845 254 XXXIV

198 287 453 327 Incustoditis
483 295 521 325 et
550 287 705 337 apertis,
739 286 892 333 Lesbia,
924 299 1079 336 semper

250 353 450 392 liminibus
480 366 621 403 peccas
651 366 725 390 nec
755 360 821 390 tua
850 353 951 390 furta
981 351 1089 402 tegis,

196 428 232 458 et
263 420 350 468 plus
381 426 577 468 spectator
606 431 725 468 quam
755 425 794 456 te
823 419 992 456 delectat
1020 418 1173 456 adulter

251 498 323 523 nec
354 492 444 522 sunt
473 493 580 535 grata
610 484 681 522 tibi
710 483 852 534 gaudia
881 483 913 522 si
942 497 1020 534 qua
1048 485 1180 521 latent.

197 557 235 588 at
267 549 446 588 meretrix
475 549 595 599 abigit
626 557 765 588 testem
796 551 963 599 veloque
993 562 1157 598 seraque

251 628 413 664 raraque
443 614 689 653 Submemmi
720 614 868 652 fornice
897 614 994 652 rima
1023 622 1138 664 patet.

198 694 220 718 a
251 680 408 720 Chione
438 681 575 718 saltem
606 681 666 717 vel
696 680 746 717 ab
779 680 875 717 Iade
905 679 1013 717 disce
1043 679 1260 728 pudorem:

252 745 503 783 abscondunt
533 757 693 794 spurcas
724 751 761 782 et
792 751 1050 781 monumenta
1078 744 1200 792 lupaS.

200 809 394 859 numquid
424 810 521 847 dura
550 808 620 847 tibi
651 808 817 846 nimium
848 821 1011 846 censura
1040 807 1222 847 videtur?

253 874 444 925 deprendi
474 882 564 913 veto
594 882 642 920 te,
676 873 830 921 Lesbia,
862 887 942 912 non
973 873 1082 911 futui.

687 962 842 998 XXXV

309 1034 455 1070 Versus
484 1032 653 1070 scribere
683 1046 745 1070 me
776 1045 912 1081 parum
943 1045 1097 1069 severos

310 1108 382 1133 nec
412 1108 511 1144 quos
542 1096 736 1144 praelegat
767 1093 804 1131 in
837 1095 971 1131 schola
1003 1092 1194 1143 magister,

311 1156 481 1203 Corneli,
513 1157 709 1206 quereris:
750 1157 819 1194 sed
851 1155 889 1193 hi
920 1155 1052 1201 libelli,

312 1230 511 1271 tamquam
543 1221 778 1270 coniugibus
809 1221 887 1259 suis
919 1220 1056 1267 mariti,

312 1301 392 1325 non
422 1295 588 1337 possunt
619 1287 702 1325 sine
733 1288 907 1324 mentula
937 1287 1101 1336 placere.

311 1352 408 1402 quid
438 1352 468 1390 si
500 1366 562 1390 mc
592 1351 728 1390 iubeas
759 1351 1037 1389 thalassionem

312 1417 438 1456 verbis
469 1417 599 1455 dicere
628 1430 709 1454 non
740 1416 1022 1455 thalassionis?

312 1479 398 1529 quis
430 1479 596 1517 Floralia
626 1479 739 1517 vestit
769 1486 807 1517 et
837 1481 1021 1517 stolatum

313 1544 501 1595 permittit
531 1544 800 1582 meretricibus
831 1545 1055 1594 pudorem?

314 1611 374 1648 lex
404 1611 501 1647 haec
531 1609 770 1647 carminibus
801 1610 891 1647 data
922 1616 979 1647 est
1009 1607 1163 1653 iocosis,

314 1688 363 1712 ne
393 1674 555 1724 possint,
588 1673 661 1711 nisi
692 1673 876 1723 pruriant,
910 1673 1052 1712 iuvare.

314 1753 434 1789 quare
463 1739 644 1789 deposita
673 1738 877 1777 severitate

315 1818 450 1854 parcas
481 1803 631 1842 lusibus
661 1812 699 1842 et
729 1803 824 1841 iocis
860 1817 1053 1853 rogamus,

315 1882 388 1907 nec
418 1876 584 1907 castrare
614 1868 708 1906 velis
739 1882 848 1906 meos
879 1868 1042 1906 libellos.

317 1936 432 1972 Gallo
463 1933 612 1984 turpius
642 1942 699 1972 est
731 1933 826 1971 nihil
858 1933 1008 1983 Priapo.

677 2023 855 2059 XXXVI

211 2092 261 2139 Si,
295 2094 465 2139 Lucane,
499 2092 568 2130 tibi
598 2093 657 2130 vel
688 2091 719 2129 si
749 2091 831 2138 tibi,
863 2092 989 2137 Tulle,
1021 2092 1207 2129 darentur

264 2156 395 2206 qualia
426 2156 572 2194 Ledaei
604 2157 681 2193 fata
712 2157 891 2194 Lacones
921 2155 1081 2201 habent,

1494 887 1535 909 10

1500 1622 1540 1643 10

1503 1946 1540 1978 15

255 2257 409 2288 XXXIV
434 2268 482 2288 vv.
504 2268 574 2296 1—5,
592 2258 767 2289 8-10lml1.
795 2258 823 2288 T
909 2268 928 2297 5
953 2262 1059 2288 testes
1077 2257 1137 2296 ΡΩ
1218 2258 1239 2288 6
1263 2257 1457 2288 Summoeni
1474 2257 1546 2290 cdd.

214 2313 229 2340 7
254 2302 294 2332 ab
318 2302 393 2331 iade
418 2301 490 2330 BA:
528 2301 568 2331 ab
595 2301 693 2331 laude
720 2302 866 2342 CA<p71o
889 2301 1005 2339 lade):
1036 2301 1138 2331 Laide
1160 2300 1233 2332 Ital.
1259 2300 1332 2341 (del.
1357 2301 1409 2339 ab]

211 2344 319 2383 subigi
338 2345 397 2374 ΑΑ
416 2349 494 2384 vgpro
511 2344 611 2385 futui)

257 2388 391 2419 XXXV
419 2397 430 2417 1
453 2398 494 2417 ne
514 2388 563 2418 CA
668 2398 687 2416 2
713 2398 754 2418 ne
774 2388 823 2418 CA
926 2388 945 2417 8
970 2388 1077 2418 uescit
1095 2386 1144 2417 CA
1161 2389 1194 2425 (c
1207 2392 1267 2427 pro
1284 2388 1311 2427 t)

213 2435 355 2472 possunt
371 2431 426 2462 BA
443 2442 449 2461 :
474 2441 516 2462 ne
534 2431 664 2470 possint
683 2431 732 2461 CA
866 2440 904 2470 15
928 2431 1047 2470 priapo
1066 2430 1148 2460 nihil
1168 2430 1218 2462 CA

1507 2311 1545 2332 10

1420 2396 1455 2418 11
1484 2397 1546 2418 nec
