1684 2763
212 133 269 170 M.
299 132 423 169 VAL.
454 129 768 168 MARTIALIS

675 241 861 278 XXXIII

211 325 264 362 Vt
293 336 435 374 pueros
465 329 611 361 emeret
641 321 839 360 Labienus
868 320 1045 360 vendidit
1074 321 1218 359 hortos.

265 388 318 426 nil
348 387 421 426 nisi
451 389 609 426 ficetum
639 400 745 425 nunc
774 386 974 425 Labienus
1002 386 1132 424 habet.

677 487 857 523 XXXIV

319 567 495 616 Triginta
524 565 620 604 mihi
649 573 912 615 quattuorque
941 578 1087 603 messes

320 640 462 678 tecum,
494 631 525 669 si
554 629 730 677 memini,
760 630 880 677 fuere,
912 629 998 667 Iuli.

319 709 483 746 quarum
514 694 645 733 dulcia
673 696 794 732 mixta
822 701 912 732 sunt
941 693 1081 732 amaris

320 761 388 799 sed
419 759 592 798 iucunda
621 766 754 797 tamen
783 760 891 797 fuere
920 760 1056 808 plura3

320 833 356 863 et
386 824 417 863 si
447 825 619 862 calculus
650 823 778 862 omnis
807 824 886 861 huc
915 830 953 861 et
982 822 1074 861 illuc
1523 841 1539 870 5

319 890 493 928 diversus
523 889 753 938 bicolorque
782 888 987 938 digeratur,

318 955 448 993 vincet
477 954 647 993 candida
676 954 789 991 turba
817 953 1036 1003 nigriorem.

320 1019 358 1058 Si
387 1019 507 1057 vitare
535 1018 630 1057 velis
659 1019 800 1056 acerba
829 1019 1024 1068 quaedam

319 1092 356 1123 et
386 1083 502 1122 tristis
530 1083 651 1121 animi
680 1096 816 1121 cavere
846 1096 1012 1130 morsus,
1507 1094 1530 1113 ⁹-

320 1149 414 1187 nulli
444 1156 482 1187 te
510 1148 628 1187 facias
658 1147 774 1186 nimis
803 1148 1003 1186 sodalem:
1505 1164 1542 1186 10

319 1213 508 1264 gaudebis
538 1213 667 1251 minus
697 1220 735 1250 et
765 1212 893 1250 minus
923 1211 1087 1251 dolebis.

694 1312 848 1348 XXXV

213 1388 435 1442 Tamquam
466 1391 693 1442 simpliciter
722 1405 892 1439 mecum,
922 1391 1154 1439 Callistrate,
1183 1391 1300 1438 vivas,

267 1457 396 1496 dicere
426 1456 621 1506 percisum
652 1463 690 1494 te
724 1456 819 1494 mihi
849 1469 966 1505 saepe
996 1457 1108 1494 soles.

215 1536 293 1561 non
324 1536 364 1560 es
395 1529 473 1559 tam
504 1521 669 1571 simplex
699 1534 817 1571 quam
846 1521 915 1567 vis,
947 1521 1178 1568 Callistrate,
1209 1521 1326 1560 credi.

268 1600 358 1625 nam
389 1585 565 1636 quisquis
596 1593 722 1624 narrat
751 1585 843 1624 talia
871 1587 981 1636 plura
1010 1592 1123 1624 tacet.

683 1681 860 1717 XXXVI

325 1761 461 1799 Libras
491 1768 676 1809 quattuor
703 1768 770 1798 aut
799 1762 897 1798 duas
925 1760 1054 1799 amico

321 1827 596 1875 algentemque
625 1832 756 1874 togam
786 1825 1024 1874 brevemque
1053 1827 1218 1872 laenam,

323 1890 519 1928 interdum
549 1891 728 1928 aureolos
758 1903 877 1927 manu
907 1890 1111 1939 crepantis,

323 1954 473 2004 possint
502 1955 645 1992 ducere
674 1953 741 2003 qui
770 1956 868 1992 duas
899 1956 1113 2002 Kalendas,

324 2020 432 2069 quod
462 2032 580 2057 nemo
610 2018 683 2057 nisi
714 2026 769 2066 tu,
799 2020 975 2066 Labulle,
1006 2020 1142 2066 donas,
1524 2039 1540 2068 5

262 2122 416 2154 XXXIII
446 2133 458 2152 1
485 2133 585 2161 agros
608 2122 685 2153 BA:
709 2123 829 2153 hortos
855 2122 904 2153 CA
1112 2123 1265 2154 XXXIV
1289 2135 1338 2155 vv.
1359 2126 1440 2156 8-11
1467 2124 1542 2156 hah.

224 2168 253 2198 T
395 2177 407 2196 1
436 2176 564 2196 messes
581 2166 635 2196 BA
653 2166 802 2205 (menses
820 2165 863 2206 L)
881 2177 887 2196 :
911 2176 1047 2197 menses
1073 2167 1121 2198 CA
1268 2179 1287 2206 3
1312 2179 1449 2207 quarum
1466 2169 1518 2199 BA
1537 2181 1543 2199 :

218 2221 359 2250 quorum
387 2210 435 2241 CA
523 2211 543 2239 8
567 2210 692 2250 uitare]
713 2209 851 2240 uisitare
874 2209 903 2239 T
997 2210 1090 2241 uoles
1115 2211 1196 2240 AA:
1222 2211 1306 2242 uelis
1328 2211 1437 2242 BACA
1523 2223 1544 2251 9

219 2260 258 2284 tr.
276 2253 348 2293 aa]
366 2254 473 2284 tristia
496 2253 525 2283 T
772 2253 907 2283 XXXV
929 2253 1004 2284 hab.
1027 2253 1056 2284 Τ
1201 2264 1220 2293 3
1244 2265 1281 2285 es
1305 2259 1373 2286 tam
1400 2255 1543 2295 simplex

218 2296 333 2327 AABA
349 2308 355 2327 ε
380 2302 429 2327 est
446 2296 643 2335 simpliciter
659 2295 706 2326 CA
827 2297 935 2327 credis
957 2296 986 2326 T
1000 2297 1125 2336 (etsorl.
1139 2297 1213 2337 ΑΑ)
1233 2300 1320 2337 (cum
1333 2298 1360 2328 L
1377 2302 1452 2328 (mle
1464 2309 1541 2330 corr.

221 2341 250 2379 Q
271 2340 481 2370 antean-125:
507 2339 597 2370 credi
625 2339 690 2378 BA,
717 2340 815 2370 etiam
849 2343 885 2370 ut
915 2339 977 2370 vid.
1008 2340 1056 2371 CA
1085 2341 1172 2381 (redi
1198 2341 1306 2381 EAV,
1335 2342 1468 2373 credam
1493 2341 1543 2382 X)

221 2383 370 2414 XXXVI
401 2394 465 2414 om.
485 2383 533 2414 CA
648 2394 666 2421 4
692 2383 820 2413 kandas
840 2385 912 2425 (pro
929 2383 1129 2423 kalanda83)
1147 2383 1175 2413 L
